2430 3952
476 213 691 268 PRAEFATIO.
1030 211 1095 267 XIX

75 386 174 441 ortum
202 374 299 464 eratl)
323 383 493 458 adnotavit,
522 386 638 443 textum
661 384 744 442 vitiis
772 380 964 455 emaculavit,
994 380 1094 440 minus

74 474 188 531 usitata
211 474 351 546 removit,
381 473 477 532 multa
504 490 558 531 suo
587 474 723 531 acumine
746 474 837 547 atque
865 470 986 547 ingenio
1012 472 1095 530 nisus

74 562 210 621 sollerter
237 563 362 621 novavit
389 580 515 636 quarum
543 561 784 620 observationum
812 559 973 648 nonnullae
995 562 1095 618 rectae

74 669 137 710 esse
152 649 299 724 videntur,
314 651 405 710 libros
424 669 517 710 novos
536 669 595 710 non
610 649 756 709 adhibuit.
781 669 840 724 quo
859 650 973 708 factum
992 651 1045 722 est,
1060 650 1095 707 ut

73 743 173 798 textus
196 739 341 798 librorum
364 739 434 798 inde
457 739 659 799 derivatorum
688 758 761 814 quos
784 761 802 818 y
824 738 927 796 littera
950 736 1095 815 significo,

74 828 241 906 elegantiae
257 827 410 886 cuiusdam
420 830 547 904 speciem
556 847 629 903 prae
644 847 674 887 se
684 828 763 887 ferat
777 846 836 902 qua
850 827 967 902 decepti
980 825 1095 902 priores

73 918 129 977 illa
142 919 312 976 recensione
322 919 370 977 usi
382 920 499 976 textum
513 918 692 977 constituere
705 916 848 976 solebant.
882 915 932 974 sed
947 916 1095 974 familiam

74 1030 92 1087 y
116 1026 178 1066 esse
202 1008 437 1066 contaminatam
461 1026 495 1066 ex
519 1029 538 1065 α
562 1009 592 1064 et
615 1007 634 1084 β
656 1007 713 1066 hac
735 1005 839 1065 tabula
861 996 1065 1086 illustrabol):

276 1171 295 1207 α
656 1149 710 1227 β’
951 1170 969 1227 r

74 1274 102 1329 p.
124 1259 152 1329 1,
174 1255 213 1313 16
239 1274 330 1330 quare
352 1257 448 1334 igitur
531 1275 641 1331 quare
827 1273 935 1330 quare

84 1388 100 1418 „
126 1346 154 1417 9,
175 1344 193 1402 6
218 1347 357 1418 patrem
530 1348 670 1420 patrem
825 1345 980 1418 parentam

83 1478 100 1507 „
126 1434 176 1507 10,
197 1434 237 1490 27
263 1433 372 1492 obiecit
531 1434 711 1493 obiectum
827 1431 1007 1490 obiectum

84 1567 100 1596 „
126 1523 176 1595 21,
196 1524 216 1579 4
240 1522 373 1598 deperire
531 1526 650 1599 perire
825 1520 945 1596 perire

84 1656 100 1685 „
126 1612 177 1685 33,
197 1612 239 1669 20
264 1614 317 1670 aut
340 1613 406 1671 sitis
531 1614 601 1671 scis
826 1611 896 1669 scis

85 1745 101 1774 „
127 1701 178 1773 33,
199 1701 238 1757 26
278 1719 364 1760 casus
401 1719 502 1760 rursus
531 1721 615 1761 casus
670 1701 777 1759 redit
826 1717 912 1758 casus
967 1698 1101 1758 redit⁴

277 1790 356 1848 redit
575 1809 701 1849 rursus
869 1806 993 1847 rursus

82 1923 99 1955 „
124 1879 175 1953 43,
196 1879 215 1936 8
239 1878 320 1939 Mars
531 1880 639 1940 Roma
826 1877 935 1935 Roma

125 2013 188 2070 148
220 2014 260 2070 24
290 2015 362 2073 mis
388 2013 503 2071 imitari
531 1971 623 2028 artis
668 1970 797 2045 imagi·
826 1968 917 2024 artis
963 1967 1093 2042 imagi-

82 2056 99 2088 ”
192 2057 199 2086 '
572 2057 798 2117 nemimitari
866 2054 1094 2114 nemimitari

82 2190 99 2220 „
125 2147 198 2219 155,
219 2148 237 2204 2
261 2145 405 2222 plangore
530 2148 701 2224 clangore
827 2145 997 2221 clangore

82 2279 99 2312 ‚,
126 2235 259 2309 158,12
284 2237 380 2293 omisit
453 2269 454 2272 =
530 2237 638 2296 occidit
826 2236 921 2292 omisit

83 2422 100 2452 „
126 2378 260 2452 176,14
282 2378 363 2437 locos
528 2381 609 2437 iocos
824 2377 898 2435 lices
928 2367 976 2453 (=
997 2326 1093 2455 locos)

83 2511 100 2541 „
127 2468 260 2541 191,18
284 2466 501 2525 utiButriV
529 2470 564 2526 ut
825 2467 880 2523 uti

83 2600 99 2629 „
125 2557 256 2630 206,11
299 2558 501 2615 contentio·
604 2601 610 2613 .
980 2601 986 2612 .

137 2663 214 2702 nem
234 2645 259 2701 B
281 2647 453 2704 concionem
473 2644 502 2702 V
529 2619 701 2660 concionem
826 2601 1094 2658 contentionem

82 2779 99 2808 „
125 2734 198 2808 218,
219 2735 237 2792 9
262 2736 384 2793 noxium
529 2736 695 2794 notatum
824 2733 990 2792 notatum
1090 2740 1093 2751 ¹

852 2840 1068 2896 exponamus

81 3047 98 3079 „
124 3002 259 3073 247,14
284 3000 402 3059 omnia
476 3029 479 3037 ·
530 3004 627 3061 omisit
825 2911 1079 3059 irixnilaoramus

83 3135 98 3164 „
124 3091 198 3164 250,
219 3092 236 3147 9
262 3092 358 3148 omisit
531 3091 669 3150 omittere
824 3092 920 3148 omisit

81 2912 98 2944 „
124 2869 197 2943 220,
219 2869 259 2925 13
275 2869 502 2943 exploramus
530 2886 746 2944 exponamus

146 3298 172 3362 1)
191 3296 267 3362 quod
286 3294 330 3348 vel
348 3295 415 3349 inde
434 3294 572 3350 evincitur
590 3296 666 3364 quod
685 3294 770 3348 verba
789 3301 879 3362 1219
899 3297 1013 3365 (23118)
1031 3310 1094 3365 per-

73 3383 170 3437 peram
187 3367 290 3420 iterata
308 3367 338 3420 in
353 3369 419 3420 ΒΜ
433 3384 468 3420 ex
485 3365 547 3420 loeo
561 3367 647 3437 paulo
662 3367 804 3437 superiore
819 3369 890 3436 (236,
906 3370 950 3436 21)
969 3366 1093 3421 inlibris

73 3436 201 3492 familiae
215 3459 231 3507 γ
246 3455 357 3506 quoque
373 3437 514 3508 leguntur,
534 3456 597 3493 cum
612 3437 752 3494 aberratio
766 3437 818 3491 illa
832 3437 868 3492 ab
882 3441 911 3491 V
925 3440 954 3493 et
968 3441 986 3511 β
1000 3438 1094 3493 aliana

74 3509 120 3575 sit,
139 3511 172 3561 ut
190 3508 249 3562 alia
267 3508 374 3563 indicia
392 3510 445 3564 hoc
464 3509 526 3564 loco
545 3511 675 3564 omittere
693 3509 787 3563 liceat.

148 3583 174 3641 2)
193 3580 227 3634 ef.
248 3580 430 3648 Dessauar,
449 3599 476 3651 p.
491 3587 534 3636 25.

901 3668 945 3720 ,.
