2430 3952
380 172 614 228 subsanasse
633 174 659 228 V
677 179 755 229 4-6.
1031 175 1074 240 93

60 364 134 405 sam
171 342 313 420 explicuit
335 342 483 402 iustitiam
505 342 736 418 comparationis
760 344 811 419 qui
835 343 960 402 decessit
983 346 1074 402 etism

59 433 240 508 redemptus,
263 431 347 491 etin
369 433 502 507 perituro
524 431 587 490 filio
610 431 685 489 nihil
706 432 787 490 aliud
807 432 933 491 electum
952 435 1005 491 est.
1041 435 1072 491 in

60 541 120 599 quo
142 522 189 580 fui
210 520 301 581 miser
327 521 424 579 famae
451 518 605 595 periculo?
648 520 727 578 fflius
750 539 832 580 meus
857 522 1000 598 languore
1023 522 1073 580 de-

59 611 181 670 functus
205 612 257 669 est.
293 611 394 669 tamen
416 611 503 685 pater
526 609 674 668 occiderat
697 627 826 686 sogum,
850 611 876 669 si
896 611 1072 685 reliquisset.

30 700 195 762 avidarum
223 699 376 772 continuo,
403 697 529 771 iudices,
556 700 588 756 in
615 715 730 758 carcere
757 699 810 756 illo
835 701 981 774 quantum
1005 719 1073 774 pro-

59 788 194 848 mitteret
216 788 384 847 constantia
405 786 533 846 hominis
557 805 645 863 quem
667 806 724 846 non
750 788 919 863 captivitas
942 807 1001 846 non
1025 807 1073 846 ex-

59 877 192 954 pectatio
214 877 323 952 patris,
351 894 411 935 non
438 876 541 934 fratris
567 876 706 952 fregisset
732 875 897 936 infirmitas.
944 894 997 935 neo
1018 879 1073 935 im-

59 967 167 1026 merito
191 967 298 1025 cuncta
320 965 356 1023 de
383 965 544 1024 fortissimo
571 965 678 1024 iuvene
701 966 832 1041 speravi,
859 965 885 1023 si
908 965 1013 1025 fuisset
1036 967 1074 1024 ad

60 1073 163 1115 omnes
191 1056 314 1114 conatus
342 1053 488 1130 explicato
516 1054 675 1130 languente
701 1054 829 1112 liberior.
875 1055 996 1113 tandem
1018 1057 1073 1112 mi-

17 1162 142 1207 roseros
169 1144 290 1202 fortuna
316 1141 458 1218 respexit,
491 1144 520 1201 et
546 1145 620 1217 puto
647 1145 750 1201 contre
781 1143 964 1218 praedonum
996 1162 1074 1202 com-

60 1235 164 1293 menta
181 1233 340 1305 feritatem,
361 1233 427 1307 ipsa
446 1231 602 1304 consensit,
620 1234 655 1289 ut
672 1231 758 1289 nobis
777 1251 865 1307 quem
883 1235 1073 1309 negaverant,

60 1340 122 1381 non
145 1319 344 1380 abstulissent.
389 1339 449 1379 non
472 1320 590 1394 quidem
612 1320 699 1397 mihi,
721 1320 846 1396 iudices,
870 1341 975 1398 arrogo
998 1325 1072 1380 tem·
1091 1321 1110 1375 11

60 1412 143 1487 poris
165 1409 247 1470 illius
269 1408 501 1485 providentiam,
528 1408 605 1468 nihil
626 1429 673 1467 me
696 1410 793 1468 fateor
815 1410 918 1469 fecisse
941 1410 1074 1484 oonsilio,

60 1501 163 1576 potest
189 1501 290 1558 temen
313 1497 467 1573 utriusque
490 1498 603 1557 iuvenis
632 1497 726 1557 exitus
750 1499 974 1557 necessitatibus
999 1501 1074 1558 meis

20 1609 47 1650 1⁶
61 1588 220 1666 adsignare
250 1587 405 1646 rationem.
450 1586 541 1661 periit
573 1606 661 1662 quem
696 1588 823 1662 redemi,
858 1605 992 1647 reversus
1030 1590 1074 1646 est

60 1696 152 1753 quem
174 1676 289 1751 reliqui.

68 1804 73 1814 -
127 1765 279 1825 Invenisse
301 1767 332 1824 tc
354 1766 456 1840 putas,
483 1763 611 1837 iuvenis,
636 1767 752 1840 patrem
774 1765 855 1824 cibos
878 1767 909 1823 et
931 1766 1074 1823 alimenta

60 1851 253 1932 poscentem?
280 1852 458 1929 quaerebam
470 1854 601 1928 pretium
613 1855 712 1913 tuum:
730 1856 873 1912 —testor
887 1855 1074 1912 clementiam

60 1944 237 2003 mitissimae
260 1942 451 2002 civitatis-
475 1941 548 2000 haec
570 1961 685 2018 preces,
711 1944 761 2002 hic
788 1944 922 2020 rogantis
946 1943 1075 2001 ambitus

22 2053 49 2094 rc
62 2032 135 2091 luit:
159 2027 360 2104 ‘miseremini
383 2031 451 2090 date
470 2030 571 2106 stipes,
594 2032 756 2109 indulgete,
778 2033 916 2108 conferte,
939 2034 1075 2108 repeten-

61 2121 117 2181 dus
147 2123 192 2180 est
219 2120 270 2179 ille
298 2121 351 2195 qui
375 2120 482 2178 redimi
512 2121 620 2179 maluit
650 2117 794 2180 fratrem?
841 2121 893 2180 sed
916 2123 946 2180 et
967 2121 1023 2179 hac
1045 2123 1075 2179 te

62 2210 187 2271 decebat
212 2227 363 2268 reversum
389 2209 574 2284 proclamare
601 2228 688 2269 voce:
721 2205 812 2288 ‘erige
840 2211 954 2284 vultus,
981 2212 1076 2286 pater,

62 2299 169 2359 attolle
205 2297 375 2357 tristitiam:
411 2297 556 2357 vindicati
591 2297 627 2357 de
659 2301 839 2358 saevissimis
875 2298 1074 2376 praedonibus

63 2406 174 2463 sumus
196 2387 270 2446 duos
292 2382 464 2446 redemisti?

22 2497 49 2538 rs
129 2476 282 2536 Alimenta
304 2493 402 2551 posco,
424 2478 560 2551 poteram
582 2496 642 2536 non
660 2476 774 2536 adicere
792 2476 889 2534 filium
906 2479 1001 2552 pater,
1024 2475 1076 2534 sed

61 2566 214 2624 mendicus
237 2565 394 2638 hominem,
418 2565 469 2623 sed
491 2567 628 2623 invenem
651 2584 747 2624 senex.
790 2566 855 2640 quis
879 2566 957 2624 enim
979 2565 1075 2641 magis

63 2674 99 2714 ex
126 2654 200 2731 ipsis
231 2672 331 2712 rerum
362 2656 487 2713 naturae
517 2656 608 2713 sacris
640 2655 873 2729 venerandisque
904 2652 1074 2729 primordiis

62 2742 216 2804 deseendit
243 2741 385 2802 affectus?
431 2742 502 2817 quid
529 2742 619 2801 stiam
646 2743 725 2802 inter
749 2744 857 2802 liberos
881 2761 915 2800 ac
937 2743 1075 2817 parentes

62 2836 126 2892 tam
154 2851 322 2907 commune,
353 2834 416 2890 tam
447 2831 598 2907 publicum
631 2851 721 2907 quam
747 2835 782 2891 ut
812 2832 936 2890 alicuius
966 2832 1075 2889 famem

24 2921 215 2998 aproximue
243 2921 367 2997 quisque
397 2918 549 2995 depellat?
592 2921 689 2981 voluit
717 2939 771 2980 nos
801 2921 852 2979 ille
882 2920 1076 2979 mortalitatis

136 3066 286 3146 lquidB
365 3071 521 3126 tfameB
600 3071 771 3126 bvideram:
790 3090 815 3125 v.
835 3072 916 3139 si153
935 3071 1015 3124 usic
1034 3080 1075 3139 M3

64 3161 104 3199 aa
119 3162 146 3200 v.
161 3143 288 3199 scilicet?
319 3214 325 3226 ι
350 3148 407 3230 ,10
431 3145 600 3197 commenta:
625 3145 763 3197 commota
784 3143 846 3198 Otr.
929 3143 1075 3196 111111111-

64 3269 184 3342 niden
231 3215 372 3340 noriffiilii
385 3295 413 3338 Β
463 3290 495 3339 16
513 3285 588 3355 perit
605 3296 626 3338 v
677 3290 709 3339 11
729 3285 908 3340 invenissem
957 3290 989 3338 19
1010 3284 1076 3338 civi-

65 3359 133 3413 tatis
150 3360 183 3414 s‘c
199 3375 254 3414 ras.
270 3355 378 3429 (11.9)Β
457 3363 491 3410 22
515 3356 622 3426 erigere
638 3357 731 3411 voltus
749 3367 776 3410 Β
860 3363 893 3411 26
917 3356 1076 3410 mendicum

70 3438 92 3482 V
158 3445 237 3484 senes
259 3439 282 3482 V
353 3428 403 3498 qui
420 3438 473 3481 BV
546 3429 655 3496 eenim
673 3429 764 3498 magis
782 3438 810 3481 Β
889 3434 923 3482 28
946 3427 1024 3500 etilet
1043 3436 1076 3493 P,

67 3554 152 3609 stiam
166 3575 189 3617 p
262 3559 296 3608 30
315 3516 434 3624 depellit
449 3562 479 3606 Β
