2430 3952
92 164 135 230 46
442 165 550 219 MILES
569 165 758 220 naamnvs

92 333 214 410 quidam
236 333 371 410 perditus
394 335 590 394 contumeliae
613 351 696 393 amor
718 353 753 393 ac
777 351 892 392 summa
918 333 1111 412 flagitiorum

92 422 230 498 voluptas
253 422 410 497 inquinare
432 425 570 483 honesta:
592 423 648 482 hoc
670 424 769 498 ipsum
792 423 872 498 quod
894 425 1008 499 primus
1032 427 1109 484 anto

93 514 179 589 signa
201 512 357 588 procurrit,
381 512 460 588 quod
481 514 636 572 veteranos
658 511 717 570 tiro
740 511 899 588 praecedit,
923 512 1002 588 quod
1024 513 1110 572 redit

91 601 213 677 pulvere
241 603 271 660 et
297 619 400 660 cruore
428 604 595 676 concretus,
622 600 719 675 istud,
745 600 840 675 istud,
869 600 948 676 quod
969 603 1035 660 tam
1059 604 1109 661 vir

92 693 144 749 est.
189 689 326 767 vulgaria
353 691 546 749 inritamenta
569 691 638 748 sunt
666 689 839 764 cupiditatis
865 691 976 764 forma,
1005 692 1106 766 aetas,
1136 713 1148 753 s

91 779 250 857 singularis
277 798 324 838 res
348 781 394 838 est
415 779 502 839 fortis
530 777 718 838 concubinus.
762 778 831 837 illas
855 780 1021 853 cicatrices,
1049 781 1107 849 illa

90 869 228 942 vulnera,
257 868 312 928 illa
339 870 387 927 tot
416 869 540 927 eximiae
570 867 676 927 decora
701 867 842 941 militiae,
872 867 945 943 quid
973 886 1108 945 exequar

90 958 179 1032 ultra,
206 955 389 1032 imperator?
416 956 509 1032 pudet
530 976 577 1015 me
600 955 680 1032 quod
704 956 862 1033 intellegis.
908 959 1027 1016 transeo
1053 957 1106 1016 ob-

91 1046 185 1105 latam
207 1045 322 1104 nolenti
341 1065 497 1104 munerum
514 1046 710 1121 vacationem,
733 1047 763 1104 et
780 1044 919 1103 blandius
938 1063 1029 1122 quam
1048 1046 1105 1104 mi-

90 1134 175 1194 litiae
202 1134 360 1209 disciplina
387 1134 533 1210 postulat,
562 1133 716 1193 adulatum
738 1133 829 1192 militi
851 1134 1018 1210 tribunum,
1048 1135 1148 1198 im·1o

90 1226 209 1298 perstas
237 1225 414 1298 asperrimas
442 1223 656 1298 expeditiones,
688 1226 723 1282 ut
749 1224 980 1298 remitterentur,
1013 1242 1104 1300 saepe

91 1312 215 1387 ordinis,
239 1329 326 1387 saepe
351 1311 515 1371 adfinitatis
537 1315 607 1371 tuae
630 1313 775 1370 iactatam
797 1314 934 1389 gratiam.
980 1312 1104 1374 confite·

91 1421 166 1476 mur,
195 1399 226 1460 O.
244 1400 335 1475 Mari,
363 1401 474 1461 diutius
498 1401 574 1460 vixit
597 1402 738 1460 obscenus
762 1403 925 1476 corruptor,
948 1401 1019 1459 dum
1041 1403 1106 1463 ista

90 1490 175 1550 miles
194 1510 253 1550 non
271 1490 428 1567 intellegit.
464 1509 524 1549 non
545 1491 638 1550 audeo
658 1490 762 1564 dicere,
786 1492 956 1566 imperator,
979 1491 1104 1567 concipe

92 1582 190 1638 animo
212 1581 355 1655 temporis
378 1579 460 1638 illius
482 1579 626 1653 habitum,
648 1581 777 1638 reforma
801 1581 996 1656 cogitationes
1018 1581 1104 1640 tuas:
1120 1604 1147 1644 15

89 1668 121 1726 in
149 1668 216 1728 aliis
248 1669 374 1728 forsitan
404 1670 500 1727 causis
532 1667 724 1743 permittatur
755 1667 966 1745 indignitatem
995 1668 1039 1727 rei
1070 1669 1104 1727 in

90 1758 224 1816 oratione
252 1776 442 1835 exaggerare,
473 1757 508 1817 de
534 1757 645 1815 iniuria
674 1760 776 1816 nostra
805 1757 898 1816 latine
927 1758 1012 1832 queri
1040 1776 1104 1817 non

89 1865 254 1922 possumus.
300 1847 480 1922 parcendum
509 1846 606 1905 verbis
636 1849 689 1905 est.
734 1846 894 1905 inhibenda
925 1866 1035 1923 magua
1067 1866 1104 1906 ex

89 1938 175 2011 parte
189 1936 308 1994 veritas.
345 1935 609 2011 praevaricandum
627 1935 701 1992 mihi
719 1938 772 2010 est,
792 1937 817 1993 si
834 1935 979 2012 pudorem
995 1935 1102 1996 habeo.

90 2025 215 2083 conlatis
239 2042 305 2082 cum
327 2025 412 2082 hoste
435 2025 609 2102 gravissimo
633 2025 796 2083 comminus
820 2026 938 2099 castita,
964 2043 1031 2083 oum
1055 2029 1102 2085 to-
1118 2048 1147 2097 ao

77 2115 154 2170 tum
176 2111 287 2171 bellum
307 2113 434 2187 quodam
458 2132 563 2190 genere
586 2112 625 2170 ad
646 2113 753 2188 pedem
770 2115 901 2173 venisset
919 2115 949 2173 et
967 2114 1102 2173 omnium

89 2204 202 2260 mentes
216 2200 388 2261 inminentis
402 2220 519 2279 pugnae
533 2203 676 2279 cogitatio
689 2203 832 2277 inplesset
846 2203 1102 2271 circumfrementes

89 2291 221 2366 undique
248 2290 374 2350 barbaro
397 2291 527 2365 ululatu,
554 2291 688 2350 Romano
715 2292 805 2350 militi
826 2311 881 2367 pro
904 2291 984 2350 vallo
1013 2310 1101 2351 excu-

88 2379 175 2438 banti
205 2381 404 2438 meretriciam
436 2380 577 2438 obscenae
609 2379 742 2439 libidinis
777 2381 955 2458 patientiam
988 2379 1100 2456 aliquis

160 2532 323 2586 avolantes
343 2541 375 2584 M
429 2531 576 2585 honestam
599 2542 620 2584 V
688 2532 816 2586 3reddit
838 2542 859 2585 V
926 2532 1038 2585 4istud
1058 2534 1099 2587 al-

89 2608 175 2658 teram
193 2620 243 2657 om.
263 2613 283 2655 Β
333 2605 486 2685 tamea-pr.
500 2613 528 2656 Β
599 2606 677 2657 best
694 2620 744 2659 om.
759 2613 793 2670 B,
813 2604 844 2656 ia
861 2620 947 2674 marg.
962 2603 1026 2659 add.
1043 2614 1083 2663 o,

88 2692 207 2797 uirgaria
225 2737 252 2780 Β
323 2674 501 2796 cupiltIatisV
569 2727 734 2798 tsigularis
752 2737 780 2780 Β
850 2709 980 2781 8tra¹¹seo
998 2737 1026 2780 Β

89 2798 242 2852 9nolenti:
266 2798 372 2852 volenti
389 2808 420 2864 J,
438 2811 532 2853 corat
603 2815 760 2852 munerum:
785 2815 931 2851 numerum
950 2809 981 2851 11
1049 2816 1098 2853 vo-

88 2870 230 2923 cacionem
244 2879 291 2922 Bo
303 2871 380 2939 (corr.
395 2873 440 2939 1ι);
458 2870 622 2924 udatiouem
636 2878 668 2922 Β
679 2871 783 2938 (vocat
796 2872 837 2939 m)
894 2874 926 2921 10
946 2869 1099 2938 disciplina

88 2957 121 2994 ea
143 2956 208 2994 -nae
229 2950 256 2993 Β
320 2941 447 3009 postulat
465 2958 515 2995 om.
529 2950 564 3008 B,
582 2951 693 3009 cumo
758 2940 914 2994 tribunum:
938 2941 1042 2993 trinum
1062 2951 1097 3007 Β,

87 3012 126 3064 bu
148 3013 179 3065 ia
202 3027 286 3082 marg.
306 3012 407 3067 addo
481 3018 512 3065 11
536 3014 569 3065 ut
587 3029 635 3066 ora.
652 3022 678 3064 Ρ
734 3012 952 3066 remitterentur:
978 3013 1098 3066 remote-

86 3098 145 3135 rem
159 3092 193 3149 Β,
211 3099 279 3137 corr.
295 3093 325 3149 ῦς
343 3083 551 3137 remittetentur
569 3092 606 3144 Μ,
625 3100 693 3138 corr.
708 3102 739 3136 m
794 3089 826 3136 12
846 3083 1015 3136 adfinistatis
1033 3092 1062 3135 Β

88 3154 234 3207 iactatam:
255 3155 285 3207 at
297 3157 329 3208 ia
342 3164 434 3209 roan
478 3154 672 3209 confitebimur
688 3164 714 3208 J
760 3160 793 3208 13
813 3152 897 3208 Com.
908 3163 942 3222 Β,
956 3164 1080 3223 capro

88 3227 238 3293 corruptor
256 3234 294 3291 Β,
312 3236 414 3280 corno
496 3231 528 3280 15
546 3226 650 3294 teporis
673 3236 695 3279 V
771 3225 879 3279 abitum
897 3234 931 3290 Β,
950 3224 969 3277 h
987 3236 1097 3294 capro

89 3302 121 3349 16
145 3295 273 3349 forsitam
292 3306 324 3349 M
392 3297 422 3349 in
445 3297 581 3351 oratione:
605 3298 635 3350 iu
658 3297 802 3368 oratione}
825 3298 863 3366 (m
882 3298 928 3366 er.)
942 3305 981 3363 Β,
1004 3312 1097 3350 mora-

86 3369 170 3456 tionlil
189 3411 221 3456 Μ
273 3409 305 3456 17
325 3420 474 3474 exagerare
491 3414 526 3472 Β,
544 3416 644 3459 corno
699 3404 752 3475 de}
769 3414 797 3458 Β
850 3388 963 3473 nostra}
981 3405 1010 3472 (u
1024 3402 1096 3474 Μ)

86 3483 114 3526 Β
175 3479 207 3528 18
227 3475 269 3527 est
287 3476 411 3541 verbiss
478 3481 510 3528 19
530 3476 756 3543 privaricandum
775 3486 802 3530 P
868 3480 902 3529 20
922 3473 1052 3528 cumlatis
1068 3482 1100 3543 Β

88 3551 121 3599 22
140 3545 292 3600 imminetis
315 3557 335 3599 V
404 3553 437 3600 24
455 3547 612 3600 metrioiam
631 3557 668 3616 M,
687 3565 755 3603 corr.
769 3570 801 3601 m
1026 3570 1168 3695 ,Η
