2430 3952
143 189 208 253 260
505 185 595 240 irus
613 184 791 239 sarsurus

181 380 182 384 ¹
208 356 361 415 Postremo
381 356 498 431 quidem
518 356 619 414 divitis
637 355 804 430 patrocinio
822 372 882 412 non
899 355 1014 429 putavi,
1033 355 1159 430 iudices,

139 445 386 520 respondendum,
406 444 464 504 nisi
481 445 572 503 rideri
586 446 716 502 vestram
733 445 921 502 maiestatem
940 444 1159 504 contumeliosa

143 534 311 592 defensione
332 553 393 593 non
416 534 530 592 ferrem.
578 527 668 591 ‘ultro
692 527 792 605 enim'‚
818 534 930 608 inquit,
954 526 1004 590 ‘ad
1027 536 1159 592 mortem

124 614 287 681 “venerunt
321 642 391 697 apes
422 616 512 681 tuae'
558 624 603 681 ita
633 622 729 697 plane.
776 622 910 696 alioquin
942 624 976 679 tu
1007 641 1159 681 venenum

141 711 263 771 floribus
291 712 421 771 dederas.
467 711 720 786 impudentiaene,
746 709 872 784 iudices,
901 713 962 769 eius
991 709 1158 788 adsignem,
1185 733 1196 773 a

143 803 168 859 si
190 801 245 859 hoe
264 799 338 858 mihi
356 799 436 876 apud
453 819 505 858 vos
524 801 694 873 obtinuerit,
718 818 756 856 an
775 800 932 874 stultitiae,
955 801 981 858 si
999 799 1159 875 speravit?

140 890 168 949 'si
185 908 331 949 venenum
349 890 463 947 homini
482 888 617 962 dedisset
637 889 747 947 diceret
764 890 863 963 ipsum
881 889 969 947 labiis
988 889 1159 950 admovisse

141 978 256 1055 pocula.
302 980 328 1036 si
350 996 551 1052 percussorem
573 979 720 1052 posuisset
742 979 773 1034 in
797 977 884 1051 saltu,
907 979 1005 1052 ipsum
1028 979 1060 1035 in
1084 980 1159 1039 insi·

139 1068 207 1126 dias
234 1067 313 1125 ultro
336 1069 451 1125 venisse
479 1068 629 1125 clamaret.
676 1068 701 1124 si
728 1066 822 1123 telum
850 1066 1027 1125 obiectasset
1053 1069 1088 1125 in
1114 1071 1158 1128 te-

141 1156 248 1229 nebris,
271 1155 400 1214 inlatum
419 1173 472 1214 sua
495 1157 582 1231 culpa
605 1154 802 1214 contenderet.
850 1175 912 1232 ego,
936 1154 1057 1230 iudices,
1083 1157 1160 1233 quid
1173 1179 1197 1218 rc

140 1242 229 1303 dico?
266 1245 324 1302 duo
348 1263 408 1303 esse
432 1245 496 1303 sola
519 1263 594 1319 quae
614 1246 695 1302 omni
712 1246 744 1301 in
764 1246 885 1303 crimine
905 1245 1066 1319 spectanda
1086 1247 1158 1321 sint,

142 1335 275 1392 animum
298 1335 328 1392 et
350 1336 496 1392 eventum.
534 1336 599 1409 quis
623 1335 739 1391 animus
763 1334 865 1392 divitis
888 1334 954 1407 fuit,
978 1352 1046 1392 cum
1067 1353 1158 1395 vene-

139 1443 214 1480 num
236 1420 365 1496 sparsit?
402 1425 437 1480 ut
459 1441 529 1498 apes
552 1423 690 1498 perirent.
729 1422 794 1497 quis
814 1421 956 1481 eventus?
993 1424 1158 1498 perierunt.

141 1513 174 1569 in
197 1530 320 1586 summa,
344 1511 463 1585 iudices,
488 1513 553 1586 quis
577 1512 703 1584 dubitat,
728 1512 799 1586 quin
820 1511 962 1569 damnum
986 1513 1013 1569 ei
1037 1513 1079 1570 sit
1102 1513 1158 1572 im·

141 1601 315 1677 putandum,
339 1603 402 1660 siue
426 1620 484 1675 quo
507 1620 566 1658 non
590 1597 763 1659 accidisset?
1173 1622 1195 1663 ιι

89 1691 128 1746 15
208 1689 354 1766 Intellego
384 1709 479 1764 neque
507 1689 696 1764 prudentiam
719 1691 849 1747 vestram
877 1688 1043 1748 desiderare
1065 1692 1159 1765 phara

143 1779 179 1837 de
206 1797 295 1837 causa
326 1797 421 1852 neque
449 1780 579 1836 vestram
609 1777 698 1836 fidem
725 1796 759 1836 ae
786 1778 960 1854 religionem
994 1797 1080 1856 cgere
1110 1800 1158 1839 ex·

142 1867 311 1927 hortatione
334 1886 402 1925 vere
424 1866 583 1925 iudicandi.
630 1866 702 1941 quid
723 1885 823 1925 moror
844 1864 961 1943 igitur?
1001 1869 1086 1927 tenet
1110 1889 1157 1928 me

142 1956 228 2014 dolor
251 1958 280 2014 et
299 1956 437 2013 adsuetae
456 1956 619 2030 voluptatis
643 1955 828 2014 desiderium.
865 1958 935 2014 sunt
954 1955 1103 2030 quaedam
1125 1960 1158 2016 in

142 2046 198 2102 hac
222 2062 311 2102 causa
334 2063 409 2118 quae
433 2046 540 2103 sarcire
563 2064 658 2119 poena
681 2064 740 2102 non
762 2046 865 2119 possit.
909 2046 1005 2103 maior
1028 2046 1159 2106 forsitan
1172 2067 1195 2106 rc

142 2134 269 2191 materia
292 2133 430 2191 rideatur
457 2133 597 2214 adfectus.
644 2135 669 2191 si
692 2153 838 2207 pauperes
867 2152 966 2192 amare
989 2133 1048 2193 nisi
1070 2136 1159 2210 paria

143 2241 203 2279 non
221 2239 385 2296 possumus,
409 2225 439 2280 et
457 2223 619 2280 necessario
638 2221 722 2281 nobis
740 2224 872 2297 pretiosa
890 2241 966 2297 quae
986 2223 1058 2298 sola,
1078 2228 1159 2298 sunt,

144 2311 277 2368 animum
299 2330 397 2368 meum
416 2311 563 2369 extinctae
582 2311 669 2369 unius
691 2312 782 2369 horae
801 2313 949 2369 momento
972 2313 1020 2370 tot
1038 2315 1159 2373 animae

143 2403 265 2458 movent
288 2399 366 2474 quod
394 2402 537 2475 perierint
560 2400 595 2458 de
618 2420 665 2459 me
687 2400 760 2458 bene
784 2401 915 2458 meritae.
963 2403 1034 2475 quin
1057 2403 1159 2476 ipsum

143 2489 198 2548 leti
217 2508 308 2567 genus
323 2489 407 2547 addit
424 2490 672 2567 indignationem:
691 2508 803 2547 veneno
822 2491 981 2564 perierunt.
1015 2492 1083 2566 quis
1103 2492 1160 2551 hoc
1173 2512 1195 2552 a

143 2579 207 2636 ulla
230 2580 302 2638 satis
326 2581 463 2653 persequi
485 2579 580 2653 possit
602 2576 737 2636 invidia?
782 2597 851 2652 apes
875 2576 1008 2636 veneno?

216 2712 360 2766 2irrideri
378 2723 402 2765 J
490 2710 718 2765 contumeliosam
736 2720 795 2764 ΒΒ
882 2711 1112 2767 3defensionem
1131 2723 1162 2768 Ι

145 2790 160 2836 5
180 2784 446 2852 impudentiane153
465 2783 640 2851 impudentia
658 2792 679 2834 ι’
725 2783 784 2835 eius
798 2783 935 2846 iudicesp
985 2789 1000 2835 6
1020 2787 1159 2852 speravit:

144 2856 342 2923 superamini,
362 2855 454 2923 sparit
473 2868 487 2918 β
541 2860 556 2908 8
575 2854 715 2923 potuisset
728 2863 796 2920 BM,
815 2855 910 2923 posuit
928 2854 977 2907 sed
999 2864 1020 2907 V
1072 2861 1089 2909 9
1110 2857 1160 2912 ob-

143 2927 275 2979 iectasset
294 2939 321 2980 s:
342 2927 511 2980 abiectasset
530 2947 551 2977 ω
616 2930 649 2978 10
669 2941 720 2994 ego
740 2942 801 2978 sum
820 2926 876 2979 iud.
896 2926 946 2994 qui
964 2934 995 2978 M
1059 2932 1092 2980 11
1114 2943 1159 2982 ex·

143 3014 284 3081 pectanda
299 3024 358 3067 ΒΒ
428 3020 460 3068 12
481 2996 612 3068 eventum
630 3024 651 3066 V
714 3020 746 3067 14
766 3015 802 3067 eit
821 3014 996 3069 inferendum
1014 3015 1161 3085 imputan-

145 3086 211 3137 dum
229 3095 249 3135 v
301 3092 333 3139 15
353 3086 527 3139 accendisset
541 3095 579 3152 Β;
599 3085 762 3140 accessisset
775 3095 807 3138 M
860 3092 892 3139 16
912 3087 936 3139 si
949 3101 1041 3154 neque
1054 3096 1111 3141 BV
1125 3089 1160 3159 (si

143 3173 212 3210 corr.
228 3160 255 3224 a)
319 3157 680 3227 desideraret—religione
699 3158 821 3212 hocloco
840 3174 889 3211 om.
910 3163 935 3211 et
953 3157 1016 3210 add.
1033 3164 1101 3226 post
1118 3175 1161 3213 re-

144 3226 278 3296 ligionem
297 3229 365 3282 l.17
383 3238 410 3281 Β
495 3229 736 3282 desideraretur
823 3234 854 3283 17
874 3245 964 3298 neque
984 3227 1018 3282 de
1037 3239 1091 3283 BV

144 3312 265 3388 vestram
279 3305 332 3370 fide
348 3333 381 3370 ac
394 3306 530 3387 religione
548 3321 588 3374 cio
601 3319 681 3373 verba
695 3319 795 3372 iterata
808 3327 836 3370 Β
896 3323 928 3370 18
949 3316 1017 3385 quid
1036 3319 1131 3375 maior
1144 3335 1165 3375 c

147 3393 179 3441 19
204 3387 358 3441 adsuetudo
378 3398 406 3441 B
493 3396 525 3442 21
546 3395 610 3458 post
633 3389 759 3443 adfectus
784 3390 846 3442 cdd.
867 3407 923 3442 non
945 3388 1036 3457 possit
1058 3399 1093 3444 Ι

145 3465 179 3512 23
197 3449 300 3534 liunius
314 3468 352 3526 Β;
371 3461 471 3530 {unius
490 3470 511 3512 V
560 3461 646 3515 horae
661 3477 710 3514 om.
729 3470 749 3511 V
799 3465 833 3513 24
852 3462 920 3529 quot
933 3459 1113 3528 perierunt<

144 3568 194 3634 qui
215 3568 244 3620 in
260 3576 294 3635 B,
314 3583 381 3621 corr.
398 3577 414 3618 c
487 3573 520 3619 25
543 3549 595 3621 ltci
613 3577 641 3620 Β
