2430 3952
125 185 168 248 32
463 182 598 239 CAECVS
617 184 657 238 IN
675 183 802 238 LIMINE

126 354 223 413 verba.
270 371 415 411 venenum
442 353 522 429 quod
547 355 630 412 tenet
657 371 774 427 caecus,
802 353 896 429 ipsius
923 355 982 428 est,
1010 353 1037 412 si
1064 353 1148 413 illud

124 444 253 502 excuset.
617 502 620 509 ,

73 533 112 590 14
195 530 261 606 Sed,
284 531 392 609 inquit,
414 530 607 590 exheredatus
627 533 748 607 epatre
768 533 820 590 est.
857 533 1000 607 poteram,
1018 531 1147 607 iudices,

126 622 271 680 secretum
292 621 349 681 hoc
367 619 445 679 senis
463 619 701 697 profundumque
719 638 824 679 vocare
848 621 1013 694 consilium,
1037 624 1146 680 eontra
1182 618 1189 640 '

126 711 263 769 iuvenem
293 713 395 769 tamen
425 727 487 769 esse
515 727 575 767 non
602 709 702 784 debet,
736 709 827 768 etiam
854 712 888 778 ut
916 708 951 768 de
978 710 1146 786 parricidio
1174 731 1186 772 a

127 798 285 858 crediderit
311 817 463 858 novercae.
509 802 614 857 notum
639 798 709 873 hoc,
736 797 861 873 iudices,
890 817 925 856 ac
946 798 1070 876 vulgare
1098 799 1145 859 fa-

127 889 209 948 cinus
233 891 287 962 est,
311 888 390 964 quod
408 887 583 963 plerumque
607 889 710 946 contra
733 887 841 946 liberos
865 889 1003 946 amantur
1025 907 1146 963 uxores,

127 981 158 1037 et
176 979 365 1053 sequentium
382 977 640 1036 matrimoniorum
658 996 719 1036 non
733 975 852 1037 aliunde
868 996 957 1052 quam
976 975 1011 1035 de
1031 975 1145 1036 damno

126 1067 249 1143 pietatis
278 1066 412 1125 adfectus
440 1068 493 1125 est.
539 1084 631 1142 genus
663 1065 882 1124 infirmissimae
915 1067 1068 1124 servitutis
1099 1070 1147 1127 est

94 1174 214 1220 *senex
245 1155 384 1229 maritus,
414 1155 445 1212 et
476 1158 596 1212 uxoriae
629 1155 763 1214 caritatis
797 1153 932 1214 ardorem
963 1154 1145 1232 flagrantius
1160 1178 1187 1219 ιο

126 1243 244 1320 frigidis
277 1244 457 1320 concipimus
490 1242 662 1302 adfectibus
710 1241 802 1318 quid?
834 1243 913 1319 quod
944 1261 1063 1302 necesse
1097 1248 1147 1305 est

126 1333 323 1409 inpatientius
351 1337 431 1394 amet
453 1332 577 1392 maritus
600 1350 722 1391 uxorem
746 1333 796 1408 qui
825 1331 882 1390 sibi
904 1330 1023 1392 videtur
1045 1331 1146 1392 filium

126 1425 188 1481 iam
210 1420 395 1499 perdidisse?
431 1422 608 1483 facillimum
631 1423 676 1481 est
699 1421 734 1479 de
753 1440 840 1481 caeco
862 1421 1056 1499 parricidium
1079 1441 1161 1482 cre·-

127 1513 209 1587 dere,
237 1530 304 1571 cum
325 1513 477 1588 hucusque
505 1511 664 1584 erraveris,
688 1513 725 1568 ut
746 1510 919 1585 inquireres.
964 1511 1033 1570 volo
1056 1511 1145 1588 scire,

126 1601 251 1677 iudices,
284 1601 357 1677 quid
389 1601 492 1660 fecerit
517 1601 606 1660 homo
634 1617 721 1658 senex
749 1602 802 1676 qui
833 1600 1014 1678 parricidam
1045 1598 1186 1665 filium1a

127 1690 211 1750 sciat.
255 1710 315 1750 non
343 1691 474 1750 culleum
500 1693 601 1767 parat,
633 1708 694 1748 non
725 1688 801 1747 illud
828 1688 957 1766 porrigit
984 1708 1145 1767 venenum,

127 1797 187 1837 non
205 1780 312 1838 saltem
330 1779 517 1839 abdicatione
536 1777 676 1838 dimittit:
699 1781 911 1837 testamentum
933 1778 1145 1838 tantummodo

126 1870 238 1941 mutat,
267 1871 296 1927 et
319 1868 468 1943 parricida
491 1869 555 1928 sola
582 1869 760 1944 paupertate
788 1869 919 1949 punitur.
964 1886 1051 1945 roge,
1075 1868 1144 1942 quis

128 1954 328 2033 praecipitat?
354 1956 461 2034 urget?
489 1957 600 2017 adeone
623 1969 684 2016 non
705 1958 805 2033 potest
831 1956 897 2016 fieri
919 1956 998 2014 idem
1020 1959 1143 2033 postero

128 2043 196 2103 die?
228 2046 347 2122 gravius
374 2046 430 2105 hoc
457 2046 551 2105 faciet
576 2047 678 2123 pater,
706 2047 814 2105 sinon
841 2045 1026 2123 praestiterit
1047 2046 1143 2110 uxori
1159 2070 1185 2110 ao

129 2131 222 2209 quid?
253 2134 333 2211 quod
359 2136 415 2194 hoc
445 2138 545 2212 ipsum
576 2137 640 2194 tam
671 2135 801 2211 placide,
833 2139 897 2194 tam
927 2135 1027 2211 quiete
1059 2134 1145 2211 facit,

129 2224 217 2299 quasi
240 2226 341 2300 captet
362 2223 535 2299 imponere?
563 2223 634 2299 quid
657 2225 756 2284 dicitis
779 2227 956 2283 miserorum
983 2225 1145 2301 parentum

130 2312 285 2372 adfectus?
331 2313 560 2372 exheredatmus
587 2313 683 2372 filium
714 2317 801 2391 pater
832 2332 891 2372 non
920 2313 1047 2372 advocat
1074 2332 1143 2389 pro·

129 2403 268 2479 pinquos‚
302 2422 360 2461 non
389 2402 539 2462 contrahit
568 2404 691 2479 amicos,
724 2403 814 2461 nullis
846 2402 978 2461 lacrimis
1009 2400 1144 2476 tabulae,

129 2491 213 2549 nulla
231 2490 443 2552 vociferatione
462 2490 670 2569 complentur?
706 2492 810 2566 nescia,
833 2511 929 2565 senex,
953 2493 1068 2566 quanta
1085 2490 1144 2550 tibi
1157 2513 1184 2557 aa

130 2599 204 2656 opus
227 2580 268 2640 sit
289 2581 405 2640 ratione
427 2581 612 2640 tabularum:
640 2581 798 2640 exheredes
821 2580 1020 2639 miserabilem
1046 2581 1144 2658 parri-

79 2669 116 2725 15
131 2669 235 2728 eidam.
273 2689 332 2729 non
355 2674 409 2745 est,
434 2670 557 2744 iudices,
580 2670 659 2746 quod
681 2659 794 2746 putetis
816 2669 883 2729 ideo
905 2671 1023 2728 nullum
1046 2669 1144 2729 adiec-

129 2761 193 2816 tum
217 2759 255 2816 ad
278 2759 535 2818 exheredationem
562 2760 678 2818 iuvenis
702 2760 845 2836 elogium,
869 2759 941 2834 quia
969 2758 1005 2818 de
1032 2758 1144 2819 scelere

172 2854 431 2962 “rotha—granum:
451 2892 636 2962 flagrantibus
653 2903 713 2960 BV3
736 2892 903 2962 flagrantem
922 2901 954 2946 Β
1024 2897 1056 2946 11
1077 2909 1144 2947 eon-

130 2962 261 3031 cipimue:
286 2964 440 3033 excipimus
462 2974 496 3031 J,
522 2977 620 3020 corus
694 2970 726 3019 11
750 2963 851 3018 filium:
874 2981 894 3016 u
917 2965 948 3017 ia
970 2980 1024 3018 raa.
1043 2973 1071 3017 Β

130 3041 164 3088 16
183 3033 317 3105 culleum:
343 3035 471 3089 aculeum
489 3045 528 3103 Β;
552 3035 684 3089 cuellium
703 3037 729 3106 (e
748 3035 798 3090 del.
815 3038 845 3105 s)
860 3044 892 3102 ⁸3
915 3035 960 3088 vel
980 3034 1101 3090 cultrum
1112 3038 1143 3107 (l)

129 3180 161 3211 m
219 3128 338 3228 porrigit
356 3170 395 3227 Β;
414 3160 512 3230 porri&
535 3169 556 3212 V
624 3166 656 3213 17
677 3160 771 3214 saltim
793 3170 815 3213 V
883 3165 917 3213 18
935 3160 1039 3241 mutat:
1058 3161 1146 3228 putat

129 3240 159 3296 J,
177 3243 272 3286 coras
340 3237 373 3285 10
392 3231 481 3286 faciat
499 3239 540 3297 Β,
559 3231 604 3285 vel
622 3231 709 3286 faciet
726 3249 801 3302 supr.
816 3253 848 3284 m
911 3237 943 3284 11
965 3230 1034 3299 qmd
1053 3233 1144 3300 quod:

130 3319 199 3387 quid
222 3306 234 3373 l
258 3321 334 3389 quod
351 3331 379 3375 Β
450 3326 484 3374 14
507 3320 636 3387 'stabulae
659 3332 680 3374 ι’
748 3326 781 3375 15
805 3319 908 3375 neseis:
933 3319 1026 3374 nescio
1050 3329 1071 3373 s

130 3407 276 3493 quahtcibi
294 3437 322 3481 Β
393 3433 426 3480 16
437 3433 501 3496 post
519 3426 631 3482 racione
649 3433 783 3484 resarcit
801 3429 842 3482 oet
857 3431 874 3482 7
892 3429 943 3482 litt.
958 3437 986 3480 Β
1055 3428 1146 3485 ratio-

129 3514 178 3551 nea
192 3507 220 3551 Β
268 3498 470 3552 miserabilem:
485 3499 643 3554 mirabilem
658 3508 690 3553 Β
742 3505 775 3553 17
796 3499 949 3553 adiectum:
965 3499 1108 3554 abiectum
1119 3512 1149 3557 Ρ

131 3574 164 3621 18
184 3569 440 3624 exheredationem:
465 3570 676 3625 heredationem
695 3579 727 3624 Β
796 3570 939 3641 elossgium
956 3580 984 3623 Β

966 3676 1030 3691 *-
