2430 3952
142 229 209 293 404
455 225 646 280 exararus
664 225 842 280 canisius.

141 399 272 472 insuper,
296 395 376 470 qued
398 395 491 454 totius
515 396 625 454 doloris
648 395 783 454 cumulus
807 397 860 469 est,
883 393 962 469 quod
985 397 1053 452 tam
1077 394 1169 455 desc-

142 487 198 545 lati
220 485 322 543 solatii
339 503 413 544 cnus
437 488 490 558 cst,
513 485 641 543 viventis
662 483 753 542 etiam
775 485 839 541 vita
857 484 939 542 laesa
958 484 1004 542 est
1023 502 1061 542 eo
1081 484 1169 560 quod

142 576 244 634 fratris
267 576 363 632 morte
380 575 486 631 notata
507 576 560 632 est.
607 572 763 632 maluisset
780 573 844 647 ipse
868 590 959 646 quam
982 574 1026 631 sic
1050 573 1169 647 vivere,

142 664 292 740 languere,
315 663 398 722 mori.

516 795 567 852 IX.
591 793 781 853 Granianon.
1196 816 1207 855 s

141 913 290 972 Abdicare
314 913 344 969 et
366 928 502 969 recusare
525 911 621 969 liceat.
667 910 750 968 dives
774 912 804 968 et
821 927 935 985 pauper
957 908 1063 969 odiosi.
1111 911 1171 969 filii

187 1020 288 1061 eorum
318 1000 376 1058 duo
407 999 508 1057 dilecti
537 999 595 1057 sibi
623 999 750 1057 invicem
780 999 869 1058 suere.
919 1000 1017 1074 poscit
1047 999 1171 1077 legatio

188 1090 320 1149 divitem.
361 1088 447 1147 vadit
473 1087 559 1147 filius.
605 1089 791 1163 piraticatur.
836 1087 979 1146 rescribit.
1022 1092 1172 1148 moratur

189 1182 282 1255 pater.
325 1178 436 1236 amicus
460 1176 551 1236 vadit.
593 1176 747 1235 venditum
765 1176 877 1252 reperit
894 1175 1087 1253 gladiaturae
1113 1197 1171 1253 pa-

188 1270 295 1326 ratum.
342 1266 429 1325 subit.
471 1268 605 1324 moritur.
647 1266 816 1340 redemptus
841 1265 925 1323 redit.
967 1267 1092 1340 patrem
1118 1268 1170 1326 de·
1185 1288 1207 1329 11

187 1356 282 1414 functi
306 1356 368 1415 alit.
394 1354 556 1413 abdicatur.

210 1498 317 1557 Filius.
354 1498 433 1571 licet,
451 1496 572 1571 iudices
587 1516 633 1554 me
648 1516 733 1554 nemo
748 1496 883 1556 miserior
897 1494 1031 1554 extiterit
1040 1501 1171 1571 praeter

143 1607 237 1646 unum
261 1602 347 1662 quem
378 1589 408 1645 et
431 1604 485 1664 ego
513 1585 653 1644 miserum
681 1585 750 1660 feci,
780 1603 932 1659 nunquam
959 1587 1063 1643 tamen
1088 1587 1172 1646 hanc

143 1677 295 1736 miseriam
324 1677 429 1733 timere
459 1675 558 1750 potui,
587 1694 623 1733 ne
654 1678 722 1751 post
748 1674 934 1749 redemptum
962 1692 1016 1749 per
1048 1675 1170 1735 alienas

144 1784 249 1829 manus
268 1765 362 1822 filium
380 1763 461 1840 patri
479 1764 681 1822 misericordia
699 1763 880 1839 displiceret·
912 1763 1007 1821 Pater.
1046 1765 1170 1824 miseri·
1183 1785 1206 1826 u

145 1855 245 1914 cordia
269 1853 389 1929 quidem
407 1871 467 1912 non
486 1852 635 1928 displicet;
659 1852 708 1910 sed
732 1871 785 1911 nec
804 1871 885 1910 error
903 1852 1008 1927 placet.
1053 1853 1093 1910 F.
1116 1874 1170 1914 cur

144 1945 238 2020 igitur
261 1939 400 2000 abdicas?
441 1943 473 1998 P.
492 1941 606 2000 inimici
628 1941 723 1999 filium
746 1941 883 2000 dilexisti.
926 1942 961 1998 F.
986 1959 1048 1999 non
1072 1941 1169 2001 dilexi

145 2032 249 2104 filiurn,
273 2030 323 2089 sed
346 2032 480 2088 amicum.
522 2030 554 2086 P.
574 2049 633 2089 non
653 2030 762 2089 desinit
787 2049 848 2089 esse
871 2029 963 2103 filine,
991 2031 1064 2104 quia
1091 2034 1169 2090 ami-

146 2138 204 2178 cus.
246 2119 387 2176 debuerat
411 2118 542 2177 desinere
565 2119 627 2177 fore
652 2121 777 2194 amicae,
806 2120 876 2193 quia
899 2119 969 2177 talis
992 2117 1083 2178 filius.
1130 2123 1167 2179 F.

146 2227 200 2285 ego
220 2208 392 2285 diligentem
411 2207 507 2265 odisse
524 2227 582 2265 non
600 2211 744 2282 poteram,
763 2208 904 2282 quoniam
921 2226 975 2265 nec
993 2210 1029 2265 tu
1048 2228 1166 2286 paupe·
1181 2231 1205 2269 11

145 2317 216 2370 rem,
236 2298 310 2355 site
329 2299 466 2370 amasset,
485 2295 596 2354 oderas.
638 2298 671 2354 P.
686 2298 967 2372 impotentissimum
985 2315 1032 2353 me
1052 2297 1166 2357 fecisti.

43 2428 46 2432 Δ
146 2405 232 2445 nemo
253 2405 318 2444 cum
337 2385 389 2443 illc
408 2388 469 2443 stat
488 2405 575 2459 quem
593 2385 671 2445 filius
687 2386 803 2445 deserit.
840 2387 872 2443 P.
888 2387 1046 2460 mement0,
1065 2390 1167 2462 pater,

146 2497 199 2553 pro
224 2495 282 2550 quo
312 2478 358 2533 tot
387 2475 520 2550 pericula
543 2474 694 2548 subierim,
724 2494 783 2532 non
813 2474 891 2533 dices
915 2475 1065 2532 desertum
1091 2495 1166 2536 esse.

146 2567 179 2623 P.
199 2566 273 2622 mihi
291 2584 382 2621 unum
401 2563 562 2639 auferebas,
580 2564 628 2622 1111
646 2563 718 2622 ducs
737 2564 837 2623 dabas.
879 2565 915 2621 F.
932 2566 974 2622 sic
991 2563 1049 2621 tibi
1067 2584 1167 2625 unum

147 2655 325 2727 auferebam,
348 2654 383 2710 ut
406 2653 478 2711 duos
496 2652 604 2711 darem.
646 2654 688 2712 sic
711 2653 758 2711 illi
776 2652 893 2727 dabam,
916 2654 950 2710 ut
968 2655 1112 2712 neutrum
1137 2657 1169 2714 in
1183 2675 1206 2714 rs

146 2747 176 2802 te
200 2743 329 2801 haberet.
370 2743 403 2800 P.
424 2742 475 2817 qui
498 2743 578 2800 sclua
609 2744 653 2801 est
675 2741 823 2817 habetque
854 2741 966 2815 hostes,
996 2743 1090 2800 morti
1116 2744 1169 2802 ad·

148 2833 252 2891 dictus.
294 2833 329 2889 F.
350 2831 417 2890 vide
442 2849 530 2905 quam
553 2831 632 2889 solus
656 2832 707 2905 sit,
734 2850 788 2906 pro
813 2850 871 2905 quo
894 2830 972 2888 filius
996 2832 1073 2888 mori
1100 2853 1168 2909 per·

220 2990 235 3036 2
256 2983 350 3037 solatii
369 3001 419 3038 om.
443 2992 498 3049 VB;
518 2983 583 3036 sotii
603 2992 630 3036 Β

221 3114 236 3160 5
256 3108 333 3161 dives
353 3110 381 3161 et
398 3123 507 3176 pauper
525 3105 632 3159 inimici
650 3070 767 3160 111111.
846 3113 861 3160 6
882 3106 1012 3159 abdicare
1029 3139 1061 3146 —
1078 3107 1170 3164 liceat

150 3197 199 3233 om.
222 3188 269 3230 VB
340 3184 371 3231 15
389 3196 441 3246 pro
455 3180 536 3247 pater
554 3179 659 3232 exbibet
671 3194 779 3246 pauper
793 3187 821 3230 Ρ
889 3185 952 3232 cate
969 3177 1169 3234 misericordia

151 3251 214 3304 cdd.
231 3260 270 3315 133
290 3250 319 3301 P.
335 3267 357 3303 c.
377 3250 431 3302 hcc
449 3249 664 3302 inimiciciarum
678 3265 766 3318 genua
785 3249 827 3302 ita
840 3249 1011 3318 implicuerit
1030 3249 1118 3317 filius,
1138 3256 1170 3306 ut

151 3320 209 3374 odii
227 3321 284 3373 mei
302 3322 420 3374 formam
439 3338 582 3389 nunquam
601 3319 729 3374 oblivisci
749 3320 859 3376 sineret.
897 3337 952 3373 non
971 3322 1068 3374 tamen
1087 3322 1120 3376 in
1140 3324 1170 3376 id

152 3392 281 3462 angustie
300 3409 388 3461 genus
404 3392 516 3445 detrudi
535 3408 579 3445 me
595 3408 676 3459 posse
693 3391 839 3461 putabam,
858 3394 890 3445 ut
909 3392 1000 3460 ipsum
1018 3392 1170 3447 inimicum

151 3480 266 3532 pascere
286 3479 406 3532 cogerer.
444 3466 473 3516 et
495 3463 565 3516 mihi
584 3463 698 3530 quidem
798 3469 830 3515 16
850 3463 976 3531 quidem:
1000 3480 1087 3531 quam
1113 3475 1170 3533 Vm

152 3545 250 3589 011111
341 3533 501 3603 displiceret
521 3544 547 3587 R
632 3550 695 3587 nec:
715 3551 771 3587 non
790 3544 817 3588 11
908 3541 941 3587 23
961 3534 1103 3590 subierint
1122 3546 1176 3591 BV

149 3612 184 3661 25
201 3606 246 3660 illi
267 3606 337 3660 duos
356 3605 459 3660 dabam
478 3615 505 3659 11
553 3648 554 3652 ,
578 3609 611 3657 26
631 3605 760 3658 addictus
779 3608 822 3659 eat
842 3615 918 3659 m
