2430 3952
124 201 189 266 218
440 198 694 254 GADAVERIBVS
712 198 818 252 PASTI

41 374 44 380 '
125 373 189 429 tam
210 370 309 428 lentae
330 369 478 428 vindictae
502 369 646 428 dilatione
670 371 761 443 ortus,
785 368 878 425 animi
899 368 959 425 mei
980 385 1078 444 prope
1100 368 1147 427 oi·

124 461 218 517 xerim
235 459 327 533 furor,
346 458 425 534 quod
443 458 592 517 hominem
610 460 673 516 tam
692 457 877 530 sceleratum,
893 459 929 515 ut
945 475 999 517 uos
1019 476 1146 533 quoque

124 549 229 606 fecerit
246 550 394 622 nocentes,
417 547 532 625 legibus
551 547 736 620 accersimus,
760 546 840 620 quod
859 545 978 604 defendi
994 547 1146 621 patimur,

125 637 217 712 quod,
244 639 279 695 ut
299 637 443 712 puniatur
468 655 634 711 precamur,
661 634 740 710 quod
767 634 924 694 damnatus
948 652 1067 710 quoque
1093 637 1147 694 vel

124 729 218 784 morte
238 726 415 803 defungetur
433 745 524 800 quam
542 743 595 784 nos
613 726 645 782 in
663 724 717 782 illa
735 723 936 782 funestissima
954 724 1043 798 fame,
1065 723 1145 782 dum
1171 744 1179 785 s

124 815 243 890 sepeliri
265 816 360 889 licuit,
383 816 562 889 optavimus,
585 813 634 872 vel
656 813 759 872 exsilio
784 813 862 888 quod
884 812 932 871 hio
954 815 1145 888 quantopere

124 906 307 977 contemnat,
335 905 461 979 apparet
484 905 536 978 qui
562 906 627 972 tam
651 903 731 961 lente
754 902 785 959 in
812 902 943 977 patriam
965 902 1144 961 revertitur.

124 1011 304 1068 quamquam
328 992 364 1051 de
387 1011 446 1067 quo
475 992 562 1050 exilio
588 989 715 1066 loquar?
761 991 948 1066 quantalibet
970 991 1145 1067 ignominia

123 1082 266 1141 dimittite
288 1081 375 1140 domo
395 1080 524 1155 noxium,
546 1081 637 1139 habet
661 1099 718 1156 quo
743 1083 799 1139 eat.
841 1100 901 1139 nou
923 1079 1051 1155 publicis
1074 1099 1144 1139 ma·

122 1170 209 1230 nibus
240 1173 394 1228 exeuntem
421 1170 642 1245 discerpemus,
671 1188 744 1243 non,
775 1169 916 1245 quoniam
946 1168 1037 1227 semel
1068 1187 1143 1228 con·
1159 1173 1179 1230 ie

123 1279 276 1318 sueramus
300 1261 330 1317 et
355 1259 513 1317 bonafide
541 1259 671 1317 ferarum
694 1277 756 1317 esse
780 1258 885 1317 civitas
909 1259 1061 1333 coeperat,
1090 1258 1144 1318 hic

121 1350 235 1424 primus
258 1348 342 1407 nobis
365 1368 400 1407 ex
422 1350 486 1406 tam
508 1348 594 1407 tardo
618 1351 784 1406 commeatu
805 1345 920 1422 placuit
942 1343 1047 1405 cibus?
1096 1346 1143 1407 sic

122 1440 201 1496 euim
223 1437 316 1496 istum
338 1437 460 1511 laniari,
484 1439 526 1497 sic
549 1435 666 1510 confici,
693 1437 735 1495 sic
758 1437 891 1495 consumi
914 1435 1049 1512 oportuit
1070 1437 1142 1496 iure

121 1530 230 1586 nostro.
268 1528 334 1602 quis
358 1524 480 1585 eredat?
503 1545 558 1604 ego
577 1546 624 1583 me
646 1525 682 1584 ab
704 1526 761 1584 hoo
780 1524 927 1584 abstinere
949 1524 1045 1600 potui,
1068 1543 1143 1584 oum

122 1619 152 1675 et
174 1617 316 1674 esurirem
339 1619 369 1675 et
390 1613 556 1675 irascerer?
1157 1634 1179 1676 rs

86 1705 104 1760 2
190 1704 249 1764 Sed
270 1705 418 1764 frumento
442 1706 579 1780 occupati
601 1722 701 1763 sumus
725 1722 778 1761 neo
801 1704 962 1777 quicquam
984 1701 1069 1760 aliud
1093 1704 1142 1762 vi-

121 1793 230 1853 demus.
277 1813 294 1852 o
318 1797 431 1870 quanta
454 1813 484 1852 es
512 1794 605 1852 fames
629 1810 705 1867 quae
732 1794 795 1850 tam
818 1791 962 1869 grandem
989 1792 1065 1848 iram
1092 1795 1142 1852 vi·

121 1883 203 1941 cistil
250 1885 281 1941 at
304 1902 358 1960 ego
382 1884 500 1942 etiamsi
523 1883 593 1940 talis
616 1882 693 1940 ultio
716 1881 899 1958 contigisset,
923 1879 949 1938 si
971 1898 1018 1937 me
1043 1898 1062 1937 a
1085 1901 1141 1940 ne-

120 1972 197 2030 fario
217 1975 383 2048 grassatore
402 1971 583 2046 reipublicae
601 1990 660 2029 nou
684 1969 787 2046 lingua
809 1969 860 2028 sed
880 1968 1017 2027 dentibus
1036 1970 1140 2030 viudi-

120 2078 241 2134 cassem,
263 2061 340 2119 nihil
357 2064 458 2119 tamen
476 2063 547 2134 irae,
570 2060 647 2117 nihil
664 2059 813 2117 vindictae
832 2058 1055 2133 praestiteram3
1077 2059 1140 2120 hoc
1154 2080 1179 2120 so

121 2151 150 2207 et
172 2150 245 2207 meis
268 2149 334 2207 feei.
371 2152 509 2208 aestuant
532 2149 627 2207 adhuc
650 2148 730 2206 intra
753 2152 855 2222 peetus
881 2147 998 2222 sepulta
1021 2150 1139 2206 ventri·

119 2238 174 2296 bus
202 2239 310 2296 nostris
338 2241 465 2315 cognata
488 2239 600 2296 viscera
628 2242 658 2296 et
680 2241 842 2296 tumescere
870 2237 951 2294 intus
975 2237 1067 2310 atque
1089 2237 1139 2296 in·

121 2326 239 2406 dignari
257 2326 396 2386 videntur
419 2331 449 2386 et
472 2346 537 2385 sera
560 2329 744 2402 paenitentia
763 2324 936 2383 redundant.
973 2323 1034 2382 iam
1055 2325 1139 2385 enim

119 2419 207 2474 vacat
234 2416 319 2475 nobis
346 2416 460 2494 lugere,
489 2416 551 2474 iam
578 2415 658 2474 cibos
685 2417 801 2474 nostros
830 2415 990 2487 efferimus,
1017 2414 1139 2474 viscera

119 2524 296 2580 cremamus3
318 2524 388 2563 nam
411 2508 507 2564 cetera
530 2505 683 2563 nobiscum
704 2504 892 2578 sepelientur.
930 2521 947 2560 o
969 2503 1065 2562 fames
1088 2506 1137 2563 iu·
1152 2525 1176 2565 ss

119 2594 232 2670 audita,
254 2595 365 2671 inqua
387 2595 481 2654 levius
505 2593 647 2668 estquod
671 2593 828 2652 esurimus!
865 2591 1008 2669 ignoscite
1030 2594 1137 2652 tamen

118 2684 224 2743 violati
247 2702 348 2744 manes
371 2703 516 2758 meorum,
544 2684 592 2740 hic
614 2701 666 2742 vos
690 2682 843 2757 adloquor,
866 2680 1024 2758 ignoscite,
1053 2682 1137 2756 quod

189 2860 205 2907 3
224 2834 374 2907 stersimus
392 2863 431 2920 133
450 2860 648 2907 ruscorum
699 2857 715 2903 4
734 2866 899 2932 praecamur
917 2850 981 2905 add.
996 2851 1028 2904 ic
1043 2868 1134 2922 marg.

779 2938 818 2974 e1

16 3000 22 3031 .·
118 2986 143 3042 o,
163 2987 251 3032 orm
304 2979 406 3032 tdum
424 2995 474 3032 om.
491 2987 528 3043 M,
546 2995 621 3046 supr.
636 2998 668 3029 m
723 2975 870 3044 eligutur
887 2978 912 3045 (c
926 2976 1035 3044 scripsit
1049 2979 1078 3042 o)

118 3050 223 3115 quante
243 3065 326 3118 opere
344 3059 365 3101 v
435 3055 448 3102 7
472 3049 614 3118 patriam}
636 3050 665 3117 (2
683 3049 723 3102 oel
742 3052 759 3101 3
778 3049 828 3100 list.
844 3050 890 3115 er.)
909 3056 937 3099 Β
1007 3050 1023 3098 9
1048 3047 1134 3101 dimi-

117 3121 178 3173 tate
196 3129 228 3172 Μ
305 3121 430 3174 noxium:
449 3122 613 3183 notatume
695 3124 727 3171 10
747 3118 938 3171 disoerssimus
957 3127 989 3170 Μ
1066 3135 1134 3172 oon-

118 3206 294 3244 sueveramus
314 3201 358 3255 Μβ
440 3197 471 3245 12
492 3191 598 3245 civibus
618 3203 657 3243 co
735 3190 822 3242 etsie
841 3198 873 3242 Μ
953 3193 986 3240 14
1004 3186 1087 3260 eoum
1105 3199 1135 3244 Β

119 3266 151 3314 15
171 3262 352 3332 θῒξίτειεοθτθτ
370 3266 399 3332 (2
417 3264 467 3317 litt.
482 3266 529 3333 er.)
543 3272 571 3315 Β
660 3267 693 3314 16
716 3260 842 3314 fumento
861 3270 899 3326 Β;
918 3278 933 3312 r
950 3270 1059 3330 supro

118 3338 151 3386 18
171 3336 220 3386 aut
233 3342 292 3386 ΒΜ
338 3333 512 3404 ὴαΗεξυίῒίο
527 3337 554 3404 (4
568 3335 609 3388 uel
623 3337 640 3387 5
654 3334 705 3386 litt.
720 3335 768 3402 er.)
781 3341 813 3385 Μ
865 3337 898 3384 23
918 3335 946 3396 pi
959 3331 1092 3386 videntur
1105 3342 1135 3387 Β

116 3445 151 3493 26
173 3439 273 3494 levius:
293 3421 389 3494 lsstiuis
407 3450 446 3506 Β;
465 3441 516 3495 leti
533 3441 577 3494 uis
596 3450 628 3494 Μ
644 3440 683 3509 (in
702 3439 758 3493 alio
779 3438 900 3492 habetur
917 3437 947 3490 in
966 3453 1023 3505 qua
1040 3437 1134 3495 levius

116 3513 159 3565 est
182 3512 228 3566 vel
252 3511 351 3566 leviuis
377 3513 453 3581 quod
477 3513 548 3565 euir'
574 3514 605 3565 ia
630 3529 715 3581 marg.
734 3513 775 3579 m)
865 3508 1006 3563 exerimus
1028 3518 1063 3565 Ι
1119 3554 1125 3575 ,

115 3583 231 3638 violenti
249 3594 273 3637 J
1020 3626 1029 3633 ..
1067 3638 1070 3645 ,
1117 3604 1126 3639 s
1143 3624 1149 3639 .
