2430 3952
117 191 183 259 250
484 190 575 245 reas
593 190 770 245 nivarius

117 358 239 421 volent?
262 379 299 419 ne
322 360 477 420 hortorum
494 378 628 419 meorum
646 360 767 419 floribus
786 358 938 420 insidant?
961 380 999 420 ne
1017 363 1053 420 in
1072 381 1137 422 meo

116 469 215 510 rorem
237 446 359 528 legant?
400 468 528 522 remove,
550 445 699 508 transfer.'
736 449 974 525 inpotentissime
998 451 1139 526 tyranne,

118 537 198 616 quo?
243 538 388 614 numquid
419 539 483 597 tam
512 539 609 596 latum
639 538 775 615 possideo
803 539 948 616 agellum,
980 540 1016 598 ut
1051 539 1139 600 illum

118 645 188 704 apes
206 627 393 688 transvolare
410 645 470 687 non
493 624 629 702 possint?
665 646 761 701 neque
778 629 880 687 tamen
898 628 1018 687 tanturn
1037 631 1139 690 inerat

117 718 231 794 pectori
248 735 314 776 meo
332 716 431 790 robur,
454 718 567 774 utnon
589 716 780 792 perturbarer
801 716 1028 776 denuntiatione
1048 721 1139 779 notae
1163 736 1174 779 s

117 807 311 882 inpotentiae.
352 805 435 864 volui
457 805 624 880 relinquere
647 807 744 864 avitos
769 807 846 865 lares
870 807 900 864 et
927 808 1062 867 conscios
1085 826 1140 866 na·

117 897 226 955 talium
248 896 377 971 parietes
397 896 427 953 et
448 895 546 970 ipsam
568 895 749 954 nutriculam
767 912 867 954 casam
884 897 1005 969 iamque
1023 915 1139 972 paupe

117 1004 182 1044 rem
204 985 304 1044 focum
328 984 358 1042 et
380 984 497 1042 fumosa
521 984 602 1042 tecta
625 986 656 1042 et
678 985 807 1043 consitas
830 984 903 1043 meis
926 983 1068 1045 manibus
1092 1006 1138 1046 ar-

118 1074 255 1134 busculas
278 1072 445 1132 destinatus
469 1072 551 1131 exsul
574 1073 711 1131 omittere
735 1072 928 1132 decreveram.
974 1074 1071 1148 volui,
1093 1074 1139 1133 iu·

118 1162 207 1238 dices,
230 1161 378 1236 decedere,
401 1162 497 1236 volui3
520 1159 572 1220 sed
593 1161 709 1220 nullum
732 1162 818 1237 potui
839 1159 973 1222 invenire
995 1163 1140 1240 agellum,
1153 1183 1175 1226 u

119 1253 151 1310 in
176 1269 233 1327 quo
256 1269 317 1310 non
339 1249 414 1308 mihi
436 1251 551 1310 uolnus
575 1249 657 1310 dives
681 1253 765 1310 esset.

185 1340 247 1399 Nec
279 1341 379 1398 tamen
411 1339 499 1398 licuit
526 1339 577 1397 diu
606 1358 754 1415 quaerere.
801 1340 878 1399 forte
911 1358 1030 1399 serenus
1062 1360 1141 1417 pura

118 1430 184 1489 luce
207 1429 333 1488 fulserat
355 1428 427 1502 dies,
451 1429 481 1487 et
503 1428 608 1488 hilaris
631 1430 774 1488 matutini
796 1428 867 1488 solis
892 1430 978 1505 tepor
1001 1428 1042 1488 ad
1066 1432 1140 1490 coti-

119 1518 208 1577 diana
240 1536 331 1595 opera
362 1518 471 1578 laetius
503 1517 592 1577 solito
626 1536 731 1596 agmen
764 1517 915 1579 effuderat.
967 1519 1041 1593 quin
1075 1520 1140 1595 ipse

119 1610 269 1685 spectator
291 1606 397 1683 operis,
416 1608 638 1684 —praecipua
661 1626 789 1682 namque
801 1607 885 1666 ¹haec
903 1607 978 1665 mihi
995 1607 1139 1684 voluptas
1151 1628 1174 1671 rs

119 1699 192 1772 erat,
211 1714 475 1774 —processeram
497 1714 619 1770 sperans
642 1697 714 1770 fore,
737 1698 772 1754 ut
790 1695 921 1755 viderem
945 1697 1139 1770 quemadmo-

119 1785 290 1845 dumalias
313 1784 440 1844 libratae
463 1785 563 1861 pinnis
586 1803 677 1844 onera
699 1784 875 1860 conferrent,
899 1784 976 1843 aliae
999 1784 1140 1861 deposita

119 1874 236 1935 sarcina
262 1876 294 1932 in
321 1891 413 1932 novas
446 1875 674 1950 prorumperent
704 1873 843 1950 praedas,
876 1875 919 1948 et,
953 1892 1140 1952 quamquam

120 1965 247 2041 angusto
274 1961 467 2021 festinaretur
494 1961 591 2038 aditu,
623 1961 712 2021 turba
739 1964 840 2021 tamen
873 1964 1046 2022 exeuntium
1079 1983 1139 2024 non

120 2052 252 2111 obstaret
287 2051 483 2125 intrantibus,
520 2052 597 2111 aliae
633 2052 814 2111 militaribus
847 2053 952 2111 castris
988 2053 1172 2129 pellerentse

120 2141 227 2218 vulgus
253 2142 409 2217 ignavum,
440 2140 517 2198 aliae
544 2141 667 2218 longum
695 2160 867 2216 permensae
898 2142 957 2199 iter
988 2141 1138 2220 fatigatae

120 2230 285 2289 anhelitum
316 2228 482 2303 traherent,
513 2230 586 2288 haec
614 2230 652 2288 ad
684 2232 832 2289 aestivum
859 2230 952 2290 solem
983 2233 1138 2306 porrectas

120 2318 266 2395 panderet
291 2320 406 2394 pinnas,

85 2406 103 2462 5
187 2407 330 2467 Miserum
348 2427 404 2480 me,
427 2408 571 2485 ignoscite
590 2407 678 2468 modo
701 2409 860 2485 gemitibus
883 2409 966 2482 meis,
989 2427 1049 2467 non
1071 2409 1137 2470 flos·

120 2498 201 2558 culos
229 2496 345 2574 perdidi
376 2514 430 2555 nec
462 2496 573 2556 caduca
604 2498 677 2555 folia
710 2498 843 2573 proximo
876 2497 999 2573 lapsura
1032 2501 1136 2558 vento:
1149 2516 1170 2559 ss

10 2650 15 2659 ,
120 2605 203 2664 apes,
232 2605 298 2646 cum
322 2586 470 2661 volarent,
499 2585 659 2664 suffugium
682 2588 839 2646 tenuitatis
867 2605 962 2659 meae,
990 2587 1136 2647 solacium

120 2677 279 2737 senectutis
312 2676 406 2734 amisi.
457 2694 610 2750 nunquam
641 2695 688 2733 me
721 2675 795 2734 alias
827 2693 988 2752 pauperem
1020 2678 1136 2753 putavi

193 2941 206 2987 1
227 2933 302 2990 volet
319 2945 354 3001 11,
373 2953 391 2988 n
409 2951 485 3004 supr.
500 2945 518 2986 o
585 2932 740 2986 insideant:
760 2936 785 3002 (e
804 2950 837 2988 es
855 2933 930 3003 i)11;
949 2933 1091 2989 insidiant
1109 2944 1137 3001 νς

120 3040 264 3112 insid3ant
282 3042 303 3111 (i
321 3044 369 3111 er.)
385 3050 416 3094 Ι
502 3021 564 3094 me⁰
579 3049 607 3094 Β
696 3023 810 3110 slogia
827 3049 849 3092 V
935 3046 1086 3110 aquaque
1105 3052 1137 3108 P,

120 3129 189 3168 corr.
204 3135 224 3174 a
277 3116 349 3167 tam:
369 3112 468 3196 iamir
521 3111 656 3181 angulum
670 3119 728 3165 151
740 3113 818 3181 (corr.
834 3114 862 3181 o)
915 3119 1044 3180 4neqne
1063 3118 1138 3180 enim

121 3222 216 3272 tamen
236 3228 256 3270 s·
324 3202 434 3273 av01u¹
452 3229 480 3271 11
546 3224 696 3272 scansam
713 3228 748 3284 B,
767 3230 868 3274 curuo
936 3218 1138 3275 carbunculus

121 3289 274 3344 bmsferre
292 3290 449 3344 destinatus
469 3302 485 3343 s
556 3295 572 3343 9
596 3289 726 3343 omittere
744 3305 795 3344 cru.
811 3302 866 3343 sos
939 3295 971 3343 10
994 3290 1073 3344 volui
1092 3292 1139 3346 de-

121 3361 220 3415 cedsre
238 3361 385 3415 iudicess
458 3366 491 3415 14
510 3359 647 3415 effuderat
665 3370 697 3425 Ρ,
716 3376 784 3415 corr.
799 3383 819 3422 p
890 3366 923 3414 lo
942 3365 1139 3483 processerant

123 3441 182 3486 ΒΙ
240 3437 273 3486 17
292 3439 318 3487 et
337 3438 370 3486 28
390 3433 489 3501 pennis
508 3454 531 3484 ω
545 3438 656 3501 pascier
674 3440 701 3485 Β
718 3432 767 3486 ubi
784 3443 885 3486 cerro
964 3447 1050 3486 onera
1069 3443 1091 3486 V

122 3509 156 3558 20
175 3503 280 3574 pellere
299 3512 350 3557 Βι·
404 3510 438 3557 ab
457 3503 585 3574 proxima
598 3512 626 3557 Β
685 3507 718 3555 ab
738 3517 818 3571 apes:
839 3503 928 3572 apisci
942 3502 968 3555 Κ
980 3512 1021 3571 153
1040 3504 1139 3576 aspexi

124 3575 148 3629 K
167 3584 196 3641 v·;
216 3590 283 3646 apes
356 3591 419 3631 cum
439 3584 470 3628 11
538 3572 673 3644 cffirgimn
693 3582 739 3626 lo

714 3698 805 3724 -
