2430 3952
89 195 180 249 XXVI
490 195 707 250 PRAEFATIO.

89 366 120 422 et
142 365 336 424 Boterodami
359 383 448 440 quam
473 364 675 424 Gronovius
699 365 816 423 curavit
835 366 888 440 qui
909 367 1013 424 multis
1035 366 1114 426 locis

90 453 276 531 elegantibus
296 454 552 514 observationibus
571 454 667 512 lucem
687 455 801 528 attulit,
825 454 900 512 alios
920 456 1040 515 sanavit
1059 459 1116 513 aut

88 544 171 602 viam
194 543 320 603 sanandi
341 544 530 602 monstravit.
572 545 643 601 anni
669 544 753 602 1698
773 543 968 621 Argentorati
991 543 1114 604 Uln'ous

90 629 247 691 Obrecht
269 651 378 690 noram
401 632 562 691 editionem
585 633 705 707 paravit
733 632 784 708 qui
808 633 908 692 ulcera
930 651 1040 711 magna
1065 652 1114 692 sa-

89 722 220 799 gacitate
250 722 407 795 tractavit,
436 722 467 779 in
491 723 666 780 universum
695 724 796 780 tamen
826 721 914 797 plura
936 724 1115 782 immutavit

89 829 180 886 quam
209 810 387 869 emendavit·
433 810 633 869 institutionis
664 811 812 869 oratoriae
842 811 1003 870 editionem
1033 810 1113 870 Lon·

90 900 165 958 dinii
190 901 276 959 1714
306 898 419 975 publici
449 899 522 958 iuris
555 899 666 957 factam
695 897 863 958 Gibsonii
890 918 925 959 ea
953 900 989 959 de
1020 919 1114 960 causa

89 990 208 1048 silentio
232 1007 293 1047 non
311 990 498 1064 praeteream
521 987 601 1064 quod
618 988 670 1045 ille
693 989 807 1064 primus
828 989 982 1048 tribunum
1000 989 1114 1048 Maria-

89 1098 161 1135 num
182 1079 216 1136 in
244 1078 341 1137 lucem
370 1077 520 1152 protraxit
551 1076 794 1153 institutionique
824 1077 960 1138 subiecit.
1009 1081 1114 1138 omnia

89 1166 190 1226 studia
214 1187 230 1224 a
253 1165 403 1242 prioribus
431 1167 463 1224 in
491 1166 721 1226 declamationes
751 1169 851 1242 posita
879 1171 968 1226 aucta
996 1169 1057 1227 suis
1082 1171 1114 1226 et

90 1255 314 1333 Schultingii
338 1257 417 1314 notis
446 1256 595 1333 congessit
621 1256 748 1315 Petrus
772 1257 997 1316 Burmannus
1019 1258 1053 1314 in
1076 1277 1113 1316 ea

88 1346 259 1404 recensione
288 1364 378 1421 quam
405 1364 483 1405 anno
514 1346 599 1404 1720
623 1344 763 1422 Lugduni
790 1347 974 1405 Batavorum
1002 1345 1112 1406 emisit.

89 1435 216 1493 contulit
247 1436 402 1510 praeterea
435 1452 536 1493 omnes
572 1435 686 1494 codices
720 1434 878 1494 Leidenses
911 1454 1113 1513 magnamque

88 1524 241 1583 variarum
270 1524 432 1583 lectionum
463 1543 498 1582 ex
526 1524 594 1583 aliis
623 1524 709 1582 libris
739 1523 797 1582 sibi
825 1525 1114 1584 communicatarum

88 1613 270 1690 farraginem
294 1612 460 1688 adscripsit.
503 1615 535 1671 at
553 1612 641 1672 valde
660 1613 820 1672 dolendum
843 1618 888 1673 est
911 1613 991 1689 quod
1014 1614 1114 1673 editor

88 1703 280 1779 neglegenter
298 1721 419 1760 munere
438 1720 491 1760 suo
514 1703 634 1761 functus
653 1705 699 1761 est
717 1721 812 1777 neque
832 1702 972 1762 subsidiis
995 1704 1114 1778 paratis

89 1809 125 1849 ea
148 1809 207 1865 qua
230 1810 286 1866 par
309 1793 382 1864 erat,
405 1791 564 1868 diligentia
582 1809 655 1850 usus
679 1794 731 1850 est.
777 1792 1007 1851 declamationes
1031 1793 1114 1850 enim

88 1880 275 1939 institutioni
293 1880 418 1939 subiecit
436 1881 542 1957 magis
566 1899 602 1938 ne
622 1879 694 1954 quid
713 1880 877 1939 desiderari
894 1884 926 1939 in
950 1899 1002 1940 suo
1022 1899 1114 1956 opere

88 1971 202 2044 posset,
233 1988 323 2045 quam
345 1972 380 2027 ut
409 1988 458 2027 eas
483 1968 643 2028 admodum
671 1969 777 2046 dignas
805 1972 950 2044 censeret,
980 1971 1013 2028 in
1036 1989 1114 2046 quas

88 2058 218 2117 multum
235 2059 378 2133 temporis
397 2060 427 2117 et
445 2058 557 2118 laboris
571 2058 763 2133 impenderet.
799 2059 903 2134 itaque
922 2078 981 2117 non
1001 2061 1114 2118 mirum

89 2147 169 2223 quod
193 2151 304 2206 certam
327 2147 474 2206 rationem
498 2150 652 2222 certasque
681 2148 760 2225 leges
783 2148 815 2206 in
841 2148 984 2227 eligendis
1008 2148 1114 2209 lectio-

88 2237 176 2295 nibus
199 2236 421 2296 desideraveris.
464 2236 579 2295 accedit
598 2236 677 2311 quod
700 2237 874 2296 collationes
892 2238 941 2296 hio
963 2238 1027 2295 illic
1045 2257 1114 2313 per·

88 2326 228 2384 turbatae
243 2344 305 2384 esse
320 2327 468 2384 videntur.
509 2345 585 2400 quae
606 2345 787 2402 quamquam
803 2328 848 2384 ita
867 2329 945 2402 sunt,
964 2327 1113 2388 editiones

90 2418 246 2490 sequentes
283 2414 482 2490 Bipontina
519 2434 596 2474 anno
634 2416 731 2489 1784,
768 2414 907 2474 Parisino
938 2415 1113 2475 Dussodii

90 2506 175 2563 annis
201 2498 339 2583 1821s25
363 2505 476 2563 inserta
495 2504 692 2563 bibliothecae
711 2504 850 2564 classicae
874 2524 927 2581 per
945 2505 981 2563 N.
1001 2505 1036 2564 E.
1055 2503 1113 2564 Le·

88 2595 182 2652 maire
214 2593 324 2669 editae,
361 2593 552 2653 'laurinensis
586 2594 671 2652 annis
705 2587 843 2672 1824s26
878 2614 913 2652 ex
942 2596 1024 2670 typis
1052 2594 1113 2655 Ios.

88 2682 217 2759 Popmae
240 2687 355 2742 textum
374 2683 540 2741 Burmanni
561 2683 753 2758 repetierunt.
796 2684 864 2759 post
887 2703 999 2742 annum
1024 2685 1111 2744 1826

89 2774 189 2830 autem
208 2772 440 2832 declamationes
460 2772 580 2832 omnino
599 2774 716 2848 spretae
735 2774 825 2848 atque
840 2773 993 2850 neglectae
1012 2775 1114 2832 iacue-

88 2865 159 2919 runt
168 2880 261 2936 usque
276 2862 314 2920 ad
329 2880 439 2920 annum
453 2863 535 2921 1881
553 2880 611 2936 quo
624 2859 837 2920 Constantinus
846 2861 1009 2921 Ritterin
1018 2863 1113 2922 libro:

90 2943 157 3007 ‘Die
186 2950 448 3025 quintilianischen
472 2950 730 3009 Deklamationen.
777 2950 1007 3029 Untersuchung
1037 2951 1115 3012 iiber

88 3038 147 3096 Art
164 3039 225 3096 und
240 3039 391 3098 Herkunft
405 3035 568 3098 derselben'
590 3040 631 3098 eis
652 3039 747 3099 denuo
767 3030 889 3116 operam
908 3042 1040 3099 navavit.
1076 3042 1114 3101 de

89 3129 195 3187 studiis
219 3129 388 3188 novissimis
413 3129 498 3188 annis
516 3129 548 3186 in
567 3128 884 3198 Pseudo-Quintiliano
908 3130 1062 3189 collocatis
1083 3133 1115 3190 et

88 3218 194 3276 rettuli
212 3221 242 3276 et
255 3217 403 3277 relaturus
418 3236 483 3276 sum
501 3219 534 3276 in
548 3217 689 3276 Bursiani
703 3218 860 3277 annalibus
875 3211 1115 3300 (Jahrcsbericht

88 3307 163 3365 iiber
178 3306 224 3364 die
240 3307 435 3366 Fortschritte
450 3307 502 3366 der
515 3306 698 3367 klassischen
712 3301 1113 3390 Altertumswissenschaft).

90 3414 177 3472 aegre
198 3397 259 3454 fero
281 3397 359 3470 quod
383 3415 418 3456 ea
438 3416 512 3471 quae
531 3397 673 3456 Albertus
691 3396 827 3455 Becker
850 3399 882 3455 in
901 3396 1112 3456 dissertatione
1140 3400 1142 3405 '

89 3484 197 3560 optimi
207 3485 320 3544 fructus
330 3487 433 3561 plena:
445 3481 811 3554 ‘Pseudo-Quintilianea.'
836 3477 953 3566 (1904)
965 3486 1113 3563 exposuit,

88 3574 167 3632 inter
191 3574 327 3633 addenda
349 3575 556 3634 tantummodo
580 3575 707 3649 proferri
729 3578 899 3649 potuerunt.
