2430 3952
368 175 603 232 nnomnsno
622 177 787 233 viro-12.
1020 180 1082 244 121

67 345 151 405 saria
172 348 272 421 erant,
300 364 388 405 exse
415 347 483 422 ipsa
509 348 675 422 prospexit,
702 346 758 421 ita,
787 366 854 406 oum
880 366 982 407 rursus
1010 368 1085 424 opus

68 454 158 495 suum
178 434 316 510 resolvit,
344 453 468 511 corpora
490 437 593 494 nostra
616 454 706 511 quam
732 437 863 511 primum
885 437 1023 496 reducere
1047 438 1085 498 ad

66 523 219 602 principia
246 524 384 598 festinat,
413 527 448 583 ut
475 523 598 583 desertis
629 526 720 584 etiam
751 525 824 584 locis
853 526 930 585 circa
960 526 1086 586 cadaver

66 614 170 674 mam
191 612 338 672 imbribus
360 616 441 671 terra
463 615 633 689 concrescit,
656 614 802 691 adgerunt
824 615 977 690 pulverem
995 616 1086 691 venti,

37 706 100 769 act
127 702 294 778 liquefacta
320 703 417 761 multa
443 702 491 760 die
522 701 656 761 membra
683 703 832 778 paulatim
862 703 969 762 humus
1001 704 1086 780 bibit,

68 792 191 851 etiamsi
219 791 320 850 nullus
348 792 453 867 operit.
499 793 532 850 at
553 793 620 867 ipsa
647 793 736 870 longo
759 794 893 866 tempore
915 793 947 850 in
974 798 1087 852 terram

68 898 139 942 ossa
162 880 312 939 desidunt.
357 879 443 939 nobis
465 899 536 939 vero
560 881 700 940 adversus
724 881 872 939 exanimes
900 882 1005 958 genuit
1026 900 1086 941 non

68 971 169 1031 solnm
195 968 417 1028 miserationem
444 988 522 1044 quae
550 970 726 1046 cogitationi
756 973 876 1029 nostrae
909 971 1002 1045 subit,
1034 970 1087 1029 sed

69 1061 163 1119 etiam
190 1058 372 1135 religionem.
419 1057 488 1116 inde
514 1059 626 1134 ignotis
650 1078 768 1135 quoque
796 1059 968 1135 corporibus
989 1062 1087 1118 trans-

31 1150 210 1213 secantium
238 1147 390 1206 viatorum
422 1147 580 1205 conlatieia
612 1149 777 1224 sepulture,
809 1149 878 1207 inde
907 1149 1017 1208 iniecta
1049 1148 1086 1209 ab

69 1238 179 1299 alienis
200 1236 318 1295 humus.
363 1237 478 1294 facinus
500 1236 670 1315 indignum,
694 1255 760 1296 oum
783 1238 856 1296 haec
878 1239 923 1296 ita
945 1239 1019 1297 sint:
1043 1257 1087 1297 se-

68 1326 176 1404 pultus
198 1327 277 1385 esset
298 1324 377 1384 filius
400 1343 492 1399 meus,
517 1325 576 1384 nisi
598 1326 751 1385 incidisset
772 1326 805 1384 in
827 1328 961 1385 matrem.
1084 1385 1087 1392 ,

137 1415 180 1474 nt
201 1415 288 1488 haec,
310 1413 436 1489 iudices,
463 1432 523 1472 non
545 1414 612 1472 ideo
636 1434 691 1493 ego
715 1415 793 1489 dico,
821 1417 855 1473 ut
878 1417 998 1474 adfectu
1020 1417 1088 1475 iura

70 1522 262 1581 corrumpam
276 1521 371 1580 neque
385 1502 470 1563 vobis
488 1503 649 1579 praecipio,
663 1504 714 1562 sed
732 1504 919 1563 adversariae
934 1504 1086 1580 exprobro.

30 1616 56 1659 rs
70 1595 169 1672 legem
188 1592 308 1669 quidem
330 1594 421 1651 istam
439 1592 545 1667 quidni
566 1593 712 1668 horream,
736 1612 802 1652 cum
820 1592 851 1650 id
873 1612 967 1650 unum
984 1595 1086 1651 miser-

68 1683 148 1744 rimo
175 1682 279 1741 iuveni
306 1681 347 1741 sit
374 1680 523 1740 obiectum
550 1681 631 1758 quod
657 1682 690 1739 in
717 1683 888 1741 calamitate
916 1701 976 1740 non
1005 1683 1087 1740 dese-

69 1772 166 1831 ruerit
188 1769 326 1847 patrem?
372 1771 424 1830 sed
447 1773 593 1846 quatenus
616 1771 716 1830 luctus
738 1772 833 1830 nostri
856 1772 887 1829 in
909 1773 957 1830 ius
979 1789 1086 1830 vocan-

70 1864 131 1935 tur,
154 1862 186 1919 et
207 1859 292 1919 flenti
315 1859 530 1936 disputandum
553 1863 607 1934 est,
630 1863 660 1919 et
683 1860 806 1919 orbitati
825 1879 895 1919 suae
913 1862 1011 1918 mater
1028 1861 1087 1918 ira-

70 1952 175 2026 scitur,
197 1967 368 2025 superemus
388 1966 477 2025 quam
500 1967 621 2009 exorare
639 1967 698 2007 non
717 1968 881 2025 possumus.
919 1952 950 2008 et
968 1949 1087 2024 quando

31 2062 59 2104 rc
71 2039 202 2099 duorum
224 2038 379 2097 hominnm
401 2038 556 2096 miseriora
574 2040 646 2097 vota
664 2039 790 2114 vidistis,
813 2040 848 2096 ut
866 2039 903 2096 de
923 2039 970 2097 his
993 2042 1087 2113 pater,

72 2129 99 2189 si
121 2128 243 2202 vicerit,
265 2126 361 2185 filium
383 2146 472 2186 suum
495 2127 610 2202 efferat,
632 2130 741 2201 mater,
765 2128 790 2187 si
812 2128 932 2203 vicerit,
957 2126 1088 2186 abiciat?

71 2235 151 2295 quae
182 2219 284 2277 tamen
315 2217 364 2274 lex
396 2212 461 2275 est?
514 2217 575 2292 qui
605 2218 774 2292 parentes
806 2217 843 2274 in
875 2218 1087 2276 calamitate

71 2306 291 2381 deseruerit,
327 2305 535 2381 insepultus
568 2305 757 2364 abiciatur.
810 2307 906 2365 omnis
938 2306 1023 2365 nobis
1055 2307 1088 2364 in

70 2396 131 2455 hac
147 2397 232 2472 prius
250 2413 348 2470 causa,
371 2394 492 2467 indices,
515 2394 551 2453 de
570 2395 680 2471 scripto
700 2397 731 2454 et
747 2395 902 2454 intellectu
925 2392 1009 2472 legis
1019 2413 1087 2453 con·
1128 2393 1132 2399 ’

31 2484 170 2550 ostentio
193 2486 247 2557 est,
269 2485 371 2542 utrum
388 2483 545 2542 verborum
568 2483 764 2561 ambiguitate
786 2503 825 2542 an
843 2485 1007 2543 voluntatis
1030 2482 1087 2540 fide

72 2572 215 2634 standum
239 2573 287 2632 sit.

140 2661 215 2721 Pars
238 2661 317 2720 enim
339 2661 457 2722 diversa
478 2661 511 2719 id
533 2661 641 2719 nititur
667 2664 822 2737 parentem
848 2660 939 2719 fuisse
957 2660 989 2718 in
1008 2661 1140 2720 cale-12

71 2752 181 2812 mitote
209 2770 275 2811 eam
302 2770 378 2827 quae
406 2751 522 2809 deserta
549 2751 612 2826 sit3,
634 2751 718 2810 cuius
745 2751 789 2808 rei
814 2769 910 2826 poena
937 2752 983 2808 est
1010 2748 1087 2809 abici

71 2840 265 2917 insepultum.
311 2840 384 2916 quid
409 2841 477 2900 tum
504 2840 596 2899 firerit
622 2840 655 2897 in
682 2858 784 2915 causa,
814 2839 887 2916 quid
915 2840 955 2898 sit
984 2842 1088 2915 postea

145 3100 348 3155 ruputas
398 3081 567 3164 ohnfflrsn
620 3098 906 3165 tatzadmets!
958 3103 1089 3162 ‘lverea

74 3178 184 3243 Squae
202 3172 232 3226 in
251 3170 418 3242 cogitationi
436 3179 468 3223 Μ
545 3172 641 3224 nostra
660 3179 692 3223 Μ
775 3175 809 3223 14
828 3169 964 3238 exprobro
982 3169 1087 3239 legem:

74 3261 199 3350 exercet
217 3278 245 3350 19
262 3277 326 3347 lege
344 3286 372 3331 n
444 3281 476 3330 rs
496 3277 612 3345 qurum
631 3285 664 3329 a
731 3275 831 3344 quidni
853 3276 995 3360 horream:
1020 3275 1089 3344 quid

73 3385 235 3443 inhorream
247 3397 284 3450 βσ
330 3383 430 3439 horrea
442 3393 465 3436 V
510 3388 544 3437 20
559 3381 664 3436 dehis:
680 3382 740 3437 deis
754 3392 815 3450 BV3
830 3366 910 3437 dehit
924 3383 945 3453 (i
957 3401 1032 3453 supr.
1047 3384 1088 3452 m)

75 3467 109 3512 Ι
173 3455 328 3511 a1afferat
349 3465 370 3508 v
429 3460 463 3508 25
482 3455 537 3508 fide
556 3454 688 3508 standum
708 3466 735 3508 s:
754 3454 809 3509 fide
829 3456 967 3509 statutum
984 3462 1088 3520 Buteo,

75 3564 145 3619 fides
163 3564 275 3618 tentum
296 3573 318 3616 V
386 3567 419 3616 2⁷
438 3544 490 3631 pals
509 3571 537 3615 P
606 3560 728 3616 diversa:
748 3564 882 3616 cieras.
897 3582 929 3614 n·
