<?xml version="1.0" encoding="UTF-8"?>
<!DOCTYPE html PUBLIC "-//W3C//DTD XHTML 1.0 Transitional//EN"
    "http://www.w3.org/TR/xhtml1/DTD/xhtml1-transitional.dtd">
<html xmlns="http://www.w3.org/1999/xhtml" xml:lang="en" lang="en">
 <head>
  <title>
</title>
<meta http-equiv="Content-Type" content="text/html;charset=utf-8" />
  <meta name='ocr-system' content='tesseract 3.04.00' />
  <meta name='ocr-capabilities' content='ocr_page ocr_carea ocr_par ocr_line ocrx_word'/>
</head>
<body>
  <div class='ocr_page' id='page_1' title='image "./qvintilianiqvae00quingoog_0446.png"; bbox 0 0 2430 3952; ppageno 0'>
   <div class='ocr_carea' id='block_1_1' title="bbox 113 189 814 256">
    <p class='ocr_par' dir='ltr' id='par_1_1' title="bbox 113 189 814 256">
     <span class='ocr_line' id='line_1_1' title="bbox 113 189 814 256; baseline 0.001 -12"><span class='ocrx_word' id='word_1_1' title='bbox 113 191 179 256; x_wconf 82' lang='lat'><strong>406</strong></span> <span class='ocrx_word' id='word_1_2' title='bbox 425 189 617 246; x_wconf 70' lang='lat' dir='ltr'><strong>exosam</strong></span> <span class='ocrx_word' id='word_1_3' title='bbox 635 191 814 247; x_wconf 75' lang='lat' dir='ltr'><strong>Psarsms.</strong></span> 
     </span>
    </p>
   </div>
   <div class='ocr_carea' id='block_1_2' title="bbox 113 360 1180 864">
    <p class='ocr_par' dir='ltr' id='par_1_2' title="bbox 113 360 1180 864">
     <span class='ocr_line' id='line_1_2' title="bbox 114 360 1180 437; baseline 0.003 -19"><span class='ocrx_word' id='word_1_4' title='bbox 114 362 242 419; x_wconf 89' lang='lat' dir='ltr'><strong>moritur</strong></span> <span class='ocrx_word' id='word_1_5' title='bbox 259 360 339 435; x_wconf 93' lang='lat' dir='ltr'><strong>quod</strong></span> <span class='ocrx_word' id='word_1_6' title='bbox 359 360 487 436; x_wconf 86' lang='lat' dir='ltr'><strong>amplius</strong></span> <span class='ocrx_word' id='word_1_7' title='bbox 506 361 634 419; x_wconf 86' lang='lat' dir='ltr'><strong>amicum</strong></span> <span class='ocrx_word' id='word_1_8' title='bbox 648 379 707 420; x_wconf 91' lang='lat' dir='ltr'><strong>nou</strong></span> <span class='ocrx_word' id='word_1_9' title='bbox 724 360 844 420; x_wconf 87' lang='lat' dir='ltr'><strong>videbit.</strong></span> <span class='ocrx_word' id='word_1_10' title='bbox 883 363 1036 437; x_wconf 88' lang='lat' dir='ltr'><strong>postremo</strong></span> <span class='ocrx_word' id='word_1_11' title='bbox 1057 363 1138 421; x_wconf 92' lang='lat' dir='ltr'><strong>mihi</strong></span> <span class='ocrx_word' id='word_1_12' title='bbox 1177 402 1180 407; x_wconf 87' lang='lat'><em>-</em></span> 
     </span>
     <span class='ocr_line' id='line_1_3' title="bbox 114 447 1137 528; baseline 0.002 -21"><span class='ocrx_word' id='word_1_13' title='bbox 114 452 231 525; x_wconf 90' lang='lat' dir='ltr'><strong>patrem</strong></span> <span class='ocrx_word' id='word_1_14' title='bbox 254 449 375 509; x_wconf 77' lang='lat' dir='ltr'><strong>dimisit.</strong></span> <span class='ocrx_word' id='word_1_15' title='bbox 417 468 471 527; x_wconf 81' lang='lat' dir='ltr'><strong>ego</strong></span> <span class='ocrx_word' id='word_1_16' title='bbox 496 469 556 508; x_wconf 91' lang='lat' dir='ltr'><strong>non</strong></span> <span class='ocrx_word' id='word_1_17' title='bbox 578 447 680 508; x_wconf 83' lang='lat' dir='ltr'><strong>alam?</strong></span> <span class='ocrx_word' id='word_1_18' title='bbox 719 450 858 524; x_wconf 89' lang='lat' dir='ltr'><strong>viderint,</strong></span> <span class='ocrx_word' id='word_1_19' title='bbox 880 449 913 508; x_wconf 94' lang='lat' dir='ltr'><strong>P.</strong></span> <span class='ocrx_word' id='word_1_20' title='bbox 933 448 973 524; x_wconf 77' lang='lat' dir='ltr'><strong>(t,</strong></span> <span class='ocrx_word' id='word_1_21' title='bbox 998 469 1057 528; x_wconf 83' lang='lat' dir='ltr'><strong>ego</strong></span> <span class='ocrx_word' id='word_1_22' title='bbox 1089 471 1137 510; x_wconf 90' lang='lat' dir='ltr'><strong>re-</strong></span> 
     </span>
     <span class='ocr_line' id='line_1_4' title="bbox 115 537 1138 616; baseline 0.004 -20"><span class='ocrx_word' id='word_1_23' title='bbox 115 537 292 614; x_wconf 78' lang='lat' dir='ltr'><strong>demptionis</strong></span> <span class='ocrx_word' id='word_1_24' title='bbox 310 557 394 597; x_wconf 90' lang='lat' dir='ltr'><strong>meae</strong></span> <span class='ocrx_word' id='word_1_25' title='bbox 412 540 541 615; x_wconf 87' lang='lat' dir='ltr'><strong>pretium</strong></span> <span class='ocrx_word' id='word_1_26' title='bbox 560 541 638 613; x_wconf 88' lang='lat' dir='ltr'><strong>peto.</strong></span> <span class='ocrx_word' id='word_1_27' title='bbox 675 540 702 598; x_wconf 93' lang='lat' dir='ltr'><strong>si</strong></span> <span class='ocrx_word' id='word_1_28' title='bbox 719 539 856 616; x_wconf 83' lang='lat' dir='ltr'><strong>impetro,</strong></span> <span class='ocrx_word' id='word_1_29' title='bbox 873 537 945 597; x_wconf 89' lang='lat' dir='ltr'><strong>fecit</strong></span> <span class='ocrx_word' id='word_1_30' title='bbox 963 541 1053 616; x_wconf 87' lang='lat' dir='ltr'><strong>pater</strong></span> <span class='ocrx_word' id='word_1_31' title='bbox 1074 559 1138 600; x_wconf 90' lang='lat' dir='ltr'><strong>non</strong></span> 
     </span>
     <span class='ocr_line' id='line_1_5' title="bbox 115 627 1138 706; baseline 0.004 -22"><span class='ocrx_word' id='word_1_32' title='bbox 115 627 256 702; x_wconf 89' lang='lat' dir='ltr'><strong>quicquid</strong></span> <span class='ocrx_word' id='word_1_33' title='bbox 280 627 390 702; x_wconf 79' lang='lat' dir='ltr'>debuit,</span> <span class='ocrx_word' id='word_1_34' title='bbox 414 629 564 702; x_wconf 81' lang='lat' dir='ltr'><strong>siminus,</strong></span> <span class='ocrx_word' id='word_1_35' title='bbox 585 646 646 686; x_wconf 91' lang='lat' dir='ltr'><strong>non</strong></span> <span class='ocrx_word' id='word_1_36' title='bbox 663 627 805 706; x_wconf 77' lang='lat' dir='ltr'>intellego</span> <span class='ocrx_word' id='word_1_37' title='bbox 823 628 971 704; x_wconf 90' lang='lat' dir='ltr'><strong>quomodo</strong></span> <span class='ocrx_word' id='word_1_38' title='bbox 996 633 1138 704; x_wconf 73' lang='lat' dir='ltr'><strong>aperti</strong></span> 
     </span>
     <span class='ocr_line' id='line_1_6' title="bbox 114 715 1178 794; baseline 0.007 -21"><span class='ocrx_word' id='word_1_39' title='bbox 114 715 191 774; x_wconf 91' lang='lat' dir='ltr'><strong>cidio</strong></span> <span class='ocrx_word' id='word_1_40' title='bbox 205 742 207 747; x_wconf 51' lang='lat'><strong>⁴</strong></span> <span class='ocrx_word' id='word_1_41' title='bbox 220 734 252 774; x_wconf 89' lang='lat' dir='ltr'><strong>se</strong></span> <span class='ocrx_word' id='word_1_42' title='bbox 282 717 417 792; x_wconf 82' lang='lat' dir='ltr'><strong>solverit,</strong></span> <span class='ocrx_word' id='word_1_43' title='bbox 447 715 499 775; x_wconf 92' lang='lat' dir='ltr'><strong>sed</strong></span> <span class='ocrx_word' id='word_1_44' title='bbox 529 735 583 776; x_wconf 90' lang='lat' dir='ltr'><strong>neo</strong></span> <span class='ocrx_word' id='word_1_45' title='bbox 606 734 660 794; x_wconf 83' lang='lat' dir='ltr'><strong>ego</strong></span> <span class='ocrx_word' id='word_1_46' title='bbox 690 736 737 775; x_wconf 89' lang='lat' dir='ltr'><strong>me</strong></span> <span class='ocrx_word' id='word_1_47' title='bbox 759 735 778 774; x_wconf 89' lang='lat' dir='ltr'><strong>a</strong></span> <span class='ocrx_word' id='word_1_48' title='bbox 802 716 915 791; x_wconf 86' lang='lat' dir='ltr'><strong>debito,</strong></span> <span class='ocrx_word' id='word_1_49' title='bbox 944 717 1004 776; x_wconf 88' lang='lat' dir='ltr'><strong>nisi</strong></span> <span class='ocrx_word' id='word_1_50' title='bbox 1033 721 1067 776; x_wconf 92' lang='lat' dir='ltr'><strong>et</strong></span> <span class='ocrx_word' id='word_1_51' title='bbox 1097 719 1138 778; x_wconf 89' lang='lat' dir='ltr'><strong>ad</strong></span> <span class='ocrx_word' id='word_1_52' title='bbox 1163 741 1178 780; x_wconf 79' lang='lat' dir='ltr'><strong>s</strong></span> 
     </span>
     <span class='ocr_line' id='line_1_7' title="bbox 113 806 403 864; baseline 0 -2"><span class='ocrx_word' id='word_1_53' title='bbox 113 806 242 863; x_wconf 83' lang='lat' dir='ltr'><strong>mortem</strong></span> <span class='ocrx_word' id='word_1_54' title='bbox 261 808 403 864; x_wconf 88' lang='lat' dir='ltr'><strong>revertar.</strong></span> 
     </span>
    </p>
   </div>
   <div class='ocr_carea' id='block_1_3' title="bbox 384 946 856 1006">
    <p class='ocr_par' dir='ltr' id='par_1_3' title="bbox 384 946 856 1006">
     <span class='ocr_line' id='line_1_8' title="bbox 384 946 856 1006; baseline -0.004 -2"><span class='ocrx_word' id='word_1_55' title='bbox 384 947 419 1004; x_wconf 89' lang='lat' dir='ltr'><strong>X.</strong></span> <span class='ocrx_word' id='word_1_56' title='bbox 444 946 629 1006; x_wconf 77' lang='lat' dir='ltr'><strong>Survuouvu</strong></span> <span class='ocrx_word' id='word_1_57' title='bbox 652 964 856 1006; x_wconf 77' lang='lat' dir='ltr'><strong>mosunsnvu.</strong></span> 
     </span>
    </p>
   </div>
   <div class='ocr_carea' id='block_1_4' title="bbox 113 1053 1179 2462">
    <p class='ocr_par' dir='ltr' id='par_1_4' title="bbox 179 1053 632 1128">
     <span class='ocr_line' id='line_1_9' title="bbox 179 1053 632 1128; baseline -0.002 -16"><span class='ocrx_word' id='word_1_58' title='bbox 179 1053 392 1128; x_wconf 61' lang='lat' dir='ltr'><strong>Amamassos</strong></span> <span class='ocrx_word' id='word_1_59' title='bbox 414 1075 442 1125; x_wconf 84' lang='grc' dir='ltr'><strong>υ.</strong></span> <span class='ocrx_word' id='word_1_60' title='bbox 456 1072 489 1127; x_wconf 78' lang='lat' dir='ltr'><strong>p.</strong></span> <span class='ocrx_word' id='word_1_61' title='bbox 510 1054 583 1122; x_wconf 83' lang='grc'>189,</span> <span class='ocrx_word' id='word_1_62' title='bbox 603 1055 632 1111; x_wconf 84' lang='grc'><strong>3.</strong></span> 
     </span>
    </p>

    <p class='ocr_par' dir='ltr' id='par_1_5' title="bbox 113 1135 1179 2462">
     <span class='ocr_line' id='line_1_10' title="bbox 179 1135 1139 1221; baseline 0 -21"><span class='ocrx_word' id='word_1_63' title='bbox 179 1144 288 1202; x_wconf 76' lang='lat' dir='ltr'><strong>Mater.</strong></span> <span class='ocrx_word' id='word_1_64' title='bbox 316 1143 416 1217; x_wconf 86' lang='lat' dir='ltr'><strong>Nova,</strong></span> <span class='ocrx_word' id='word_1_65' title='bbox 445 1141 476 1200; x_wconf 91' lang='lat' dir='ltr'><strong>P.</strong></span> <span class='ocrx_word' id='word_1_66' title='bbox 497 1141 538 1218; x_wconf 76' lang='grc'>(1.,</span> <span class='ocrx_word' id='word_1_67' title='bbox 566 1143 746 1201; x_wconf 75' lang='lat' dir='ltr'><strong>calamitatis</strong></span> <span class='ocrx_word' id='word_1_68' title='bbox 759 1135 1045 1217; x_wconf 66' lang='lat' dir='ltr'><strong>&#39;differentia‚.tam</strong></span> <span class='ocrx_word' id='word_1_69' title='bbox 1080 1164 1139 1221; x_wconf 91' lang='lat' dir='ltr'><strong>pro</strong></span> 
     </span>
     <span class='ocr_line' id='line_1_11' title="bbox 113 1231 1179 1308; baseline 0.008 -20"><span class='ocrx_word' id='word_1_70' title='bbox 113 1231 176 1290; x_wconf 92' lang='lat' dir='ltr'><strong>filio</strong></span> <span class='ocrx_word' id='word_1_71' title='bbox 200 1249 290 1307; x_wconf 88' lang='lat' dir='ltr'><strong>quam</strong></span> <span class='ocrx_word' id='word_1_72' title='bbox 312 1251 366 1308; x_wconf 92' lang='lat' dir='ltr'><strong>pro</strong></span> <span class='ocrx_word' id='word_1_73' title='bbox 389 1233 492 1290; x_wconf 89' lang='lat' dir='ltr'><strong>matre.</strong></span> <span class='ocrx_word' id='word_1_74' title='bbox 538 1233 571 1289; x_wconf 93' lang='lat' dir='ltr'><strong>in</strong></span> <span class='ocrx_word' id='word_1_75' title='bbox 592 1233 735 1291; x_wconf 87' lang='lat' dir='ltr'><strong>maritum</strong></span> <span class='ocrx_word' id='word_1_76' title='bbox 756 1231 854 1290; x_wconf 87' lang='lat' dir='ltr'><strong>malae</strong></span> <span class='ocrx_word' id='word_1_77' title='bbox 871 1231 1064 1291; x_wconf 69' lang='lat' dir='ltr'><strong>tractationis</strong></span> <span class='ocrx_word' id='word_1_78' title='bbox 1091 1234 1179 1296; x_wconf 87' lang='lat' dir='ltr'><strong>la·1o</strong></span> 
     </span>
     <span class='ocr_line' id='line_1_12' title="bbox 115 1319 1138 1398; baseline 0.003 -19"><span class='ocrx_word' id='word_1_79' title='bbox 115 1322 221 1379; x_wconf 81' lang='lat' dir='ltr'><strong>crimes</strong></span> <span class='ocrx_word' id='word_1_80' title='bbox 250 1320 375 1380; x_wconf 87' lang='lat' dir='ltr'><strong>effundo.</strong></span> <span class='ocrx_word' id='word_1_81' title='bbox 416 1322 512 1380; x_wconf 82' lang='lat' dir='ltr'><strong>Pater.</strong></span> <span class='ocrx_word' id='word_1_82' title='bbox 553 1320 655 1379; x_wconf 88' lang='lat' dir='ltr'><strong>fiotum</strong></span> <span class='ocrx_word' id='word_1_83' title='bbox 683 1323 714 1379; x_wconf 92' lang='lat' dir='ltr'><strong>et</strong></span> <span class='ocrx_word' id='word_1_84' title='bbox 744 1319 888 1379; x_wconf 85' lang='lat' dir='ltr'>muliebre</span> <span class='ocrx_word' id='word_1_85' title='bbox 917 1325 1138 1398; x_wconf 83' lang='lat' dir='ltr'><strong>argumentum</strong></span> 
     </span>
     <span class='ocr_line' id='line_1_13' title="bbox 114 1409 1138 1485; baseline 0.002 -17"><span class='ocrx_word' id='word_1_86' title='bbox 114 1413 167 1469; x_wconf 88' lang='lat' dir='ltr'><strong>est.</strong></span> <span class='ocrx_word' id='word_1_87' title='bbox 207 1411 253 1468; x_wconf 98' lang='grc' dir='ltr'><strong>Μ.</strong></span> <span class='ocrx_word' id='word_1_88' title='bbox 272 1428 425 1485; x_wconf 89' lang='lat' dir='ltr'><strong>nunquam</strong></span> <span class='ocrx_word' id='word_1_89' title='bbox 447 1409 549 1468; x_wconf 91' lang='lat' dir='ltr'><strong>fictum</strong></span> <span class='ocrx_word' id='word_1_90' title='bbox 576 1410 635 1468; x_wconf 86' lang='lat' dir='ltr'><strong>fuit</strong></span> <span class='ocrx_word' id='word_1_91' title='bbox 657 1409 737 1485; x_wconf 93' lang='lat' dir='ltr'><strong>quod</strong></span> <span class='ocrx_word' id='word_1_92' title='bbox 764 1409 941 1468; x_wconf 85' lang='lat' dir='ltr'><strong>exclamavit</strong></span> <span class='ocrx_word' id='word_1_93' title='bbox 962 1409 1138 1475; x_wconf 79' lang='lat' dir='ltr'><strong>calamitas.</strong></span> 
     </span>
     <span class='ocr_line' id='line_1_14' title="bbox 113 1497 1139 1576; baseline 0.001 -19"><span class='ocrx_word' id='word_1_94' title='bbox 113 1500 192 1557; x_wconf 83' lang='lat' dir='ltr'><strong>Rei</strong></span> <span class='ocrx_word' id='word_1_95' title='bbox 215 1498 287 1575; x_wconf 92' lang='lat' dir='ltr'><strong>quid</strong></span> <span class='ocrx_word' id='word_1_96' title='bbox 309 1500 400 1558; x_wconf 85' lang='lat' dir='ltr'><strong>matri</strong></span> <span class='ocrx_word' id='word_1_97' title='bbox 422 1498 457 1557; x_wconf 91' lang='lat' dir='ltr'><strong>de</strong></span> <span class='ocrx_word' id='word_1_98' title='bbox 480 1501 576 1558; x_wconf 91' lang='lat' dir='ltr'><strong>morte</strong></span> <span class='ocrx_word' id='word_1_99' title='bbox 598 1497 654 1556; x_wconf 91' lang='lat' dir='ltr'><strong>filii</strong></span> <span class='ocrx_word' id='word_1_100' title='bbox 681 1497 840 1557; x_wconf 91' lang='lat' dir='ltr'><strong>dolendum</strong></span> <span class='ocrx_word' id='word_1_101' title='bbox 864 1502 940 1572; x_wconf 86' lang='lat' dir='ltr'><strong>erat,</strong></span> <span class='ocrx_word' id='word_1_102' title='bbox 967 1497 1008 1555; x_wconf 87' lang='lat' dir='ltr'><strong>ad</strong></span> <span class='ocrx_word' id='word_1_103' title='bbox 1030 1500 1139 1576; x_wconf 91' lang='lat' dir='ltr'><strong>sepul·</strong></span> 
     </span>
     <span class='ocr_line' id='line_1_15' title="bbox 114 1587 1138 1663; baseline 0.001 -15"><span class='ocrx_word' id='word_1_104' title='bbox 114 1607 197 1648; x_wconf 88' lang='lat' dir='ltr'><strong>orum</strong></span> <span class='ocrx_word' id='word_1_105' title='bbox 214 1590 314 1663; x_wconf 92' lang='lat' dir='ltr'><strong>potius</strong></span> <span class='ocrx_word' id='word_1_106' title='bbox 332 1587 462 1646; x_wconf 88' lang='lat' dir='ltr'><strong>fiendum</strong></span> <span class='ocrx_word' id='word_1_107' title='bbox 481 1591 564 1647; x_wconf 89' lang='lat' dir='ltr'><strong>esset.</strong></span> <span class='ocrx_word' id='word_1_108' title='bbox 600 1589 647 1645; x_wconf 88' lang='grc' dir='ltr'><strong>Μ.</strong></span> <span class='ocrx_word' id='word_1_109' title='bbox 661 1588 728 1662; x_wconf 90' lang='lat' dir='ltr'><strong>plus</strong></span> <span class='ocrx_word' id='word_1_110' title='bbox 747 1587 821 1645; x_wconf 91' lang='lat' dir='ltr'><strong>mihi</strong></span> <span class='ocrx_word' id='word_1_111' title='bbox 838 1590 925 1663; x_wconf 86' lang='lat' dir='ltr'><strong>pater</strong></span> <span class='ocrx_word' id='word_1_112' title='bbox 943 1606 1035 1661; x_wconf 88' lang='lat' dir='ltr'><strong>quam</strong></span> <span class='ocrx_word' id='word_1_113' title='bbox 1055 1608 1138 1649; x_wconf 87' lang='lat' dir='ltr'><strong>urna</strong></span> 
     </span>
     <span class='ocr_line' id='line_1_16' title="bbox 114 1676 1177 1754; baseline 0.002 -18"><span class='ocrx_word' id='word_1_114' title='bbox 114 1678 247 1747; x_wconf 86' lang='lat' dir='ltr'><strong>abstulit.</strong></span> <span class='ocrx_word' id='word_1_115' title='bbox 292 1678 459 1736; x_wconf 84' lang='lat' dir='ltr'><strong>venientem</strong></span> <span class='ocrx_word' id='word_1_116' title='bbox 490 1676 526 1735; x_wconf 87' lang='lat' dir='ltr'><strong>ab</strong></span> <span class='ocrx_word' id='word_1_117' title='bbox 555 1695 630 1735; x_wconf 89' lang='lat' dir='ltr'><strong>urna</strong></span> <span class='ocrx_word' id='word_1_118' title='bbox 660 1676 756 1734; x_wconf 90' lang='lat' dir='ltr'><strong>filium</strong></span> <span class='ocrx_word' id='word_1_119' title='bbox 785 1676 937 1754; x_wconf 85' lang='lat' dir='ltr'><strong>obligavit.</strong></span> <span class='ocrx_word' id='word_1_120' title='bbox 978 1676 1013 1733; x_wconf 87' lang='lat' dir='ltr'><strong>P.</strong></span> <span class='ocrx_word' id='word_1_121' title='bbox 1039 1696 1058 1734; x_wconf 88' lang='lat' dir='ltr'><strong>a</strong></span> <span class='ocrx_word' id='word_1_122' title='bbox 1086 1698 1177 1741; x_wconf 85' lang='lat' dir='ltr'><strong>me1s</strong></span> 
     </span>
     <span class='ocr_line' id='line_1_17' title="bbox 115 1764 1138 1843; baseline 0.003 -19"><span class='ocrx_word' id='word_1_123' title='bbox 115 1768 234 1843; x_wconf 88' lang='lat' dir='ltr'><strong>quaerit</strong></span> <span class='ocrx_word' id='word_1_124' title='bbox 257 1765 337 1842; x_wconf 92' lang='lat' dir='ltr'><strong>quod</strong></span> <span class='ocrx_word' id='word_1_125' title='bbox 354 1765 523 1826; x_wconf 89' lang='lat' dir='ltr'><strong>combussit.</strong></span> <span class='ocrx_word' id='word_1_126' title='bbox 565 1768 610 1825; x_wconf 87' lang='grc' dir='ltr'><strong>Μ.</strong></span> <span class='ocrx_word' id='word_1_127' title='bbox 630 1764 680 1824; x_wconf 93' lang='lat' dir='ltr'><strong>odi</strong></span> <span class='ocrx_word' id='word_1_128' title='bbox 697 1766 790 1842; x_wconf 82' lang='lat' dir='ltr'><strong>ignes,</strong></span> <span class='ocrx_word' id='word_1_129' title='bbox 813 1765 863 1823; x_wconf 91' lang='lat' dir='ltr'><strong>odi</strong></span> <span class='ocrx_word' id='word_1_130' title='bbox 880 1784 993 1843; x_wconf 78' lang='lat' dir='ltr'><strong>rogum.</strong></span> <span class='ocrx_word' id='word_1_131' title='bbox 1037 1765 1138 1827; x_wconf 87' lang='lat' dir='ltr'><strong>donec</strong></span> 
     </span>
     <span class='ocr_line' id='line_1_18' title="bbox 114 1853 1137 1932; baseline 0.002 -18"><span class='ocrx_word' id='word_1_132' title='bbox 114 1857 290 1932; x_wconf 86' lang='lat' dir='ltr'><strong>eriperetur,</strong></span> <span class='ocrx_word' id='word_1_133' title='bbox 320 1857 416 1930; x_wconf 75' lang='lat' dir='ltr'><strong>tenisi,</strong></span> <span class='ocrx_word' id='word_1_134' title='bbox 451 1853 549 1913; x_wconf 87' lang='lat' dir='ltr'><strong>rediit.</strong></span> <span class='ocrx_word' id='word_1_135' title='bbox 596 1854 756 1931; x_wconf 85' lang='lat' dir='ltr'><strong>impedisti.</strong></span> <span class='ocrx_word' id='word_1_136' title='bbox 803 1855 837 1912; x_wconf 93' lang='lat' dir='ltr'><strong>P.</strong></span> <span class='ocrx_word' id='word_1_137' title='bbox 864 1856 891 1912; x_wconf 92' lang='lat' dir='ltr'><strong>si</strong></span> <span class='ocrx_word' id='word_1_138' title='bbox 919 1853 1137 1930; x_wconf 82' lang='lat' dir='ltr'><strong>impeditorem</strong></span> 
     </span>
     <span class='ocr_line' id='line_1_19' title="bbox 114 1941 1138 2020; baseline 0 -17"><span class='ocrx_word' id='word_1_139' title='bbox 114 1946 246 2020; x_wconf 81' lang='lat' dir='ltr'><strong>quaeris,</strong></span> <span class='ocrx_word' id='word_1_140' title='bbox 275 1945 399 2003; x_wconf 88' lang='lat' dir='ltr'><strong>mortem</strong></span> <span class='ocrx_word' id='word_1_141' title='bbox 431 1961 544 2002; x_wconf 87' lang='lat' dir='ltr'><strong>accusa.</strong></span> <span class='ocrx_word' id='word_1_142' title='bbox 586 1945 631 2002; x_wconf 83' lang='lat' dir='ltr'><strong>M.</strong></span> <span class='ocrx_word' id='word_1_143' title='bbox 655 1962 734 2002; x_wconf 86' lang='lat' dir='ltr'><strong>mors</strong></span> <span class='ocrx_word' id='word_1_144' title='bbox 763 1943 891 2002; x_wconf 89' lang='lat' dir='ltr'><strong>multum</strong></span> <span class='ocrx_word' id='word_1_145' title='bbox 921 1941 1067 2018; x_wconf 90' lang='lat' dir='ltr'><strong>reddidit,</strong></span> <span class='ocrx_word' id='word_1_146' title='bbox 1100 1948 1138 2005; x_wconf 94' lang='lat' dir='ltr'><strong>tu</strong></span> 
     </span>
     <span class='ocr_line' id='line_1_20' title="bbox 114 2031 1137 2108; baseline 0.002 -17"><span class='ocrx_word' id='word_1_147' title='bbox 114 2036 212 2091; x_wconf 91' lang='lat' dir='ltr'><strong>totum</strong></span> <span class='ocrx_word' id='word_1_148' title='bbox 242 2031 401 2090; x_wconf 77' lang='lat' dir='ltr'><strong>abstulisti.</strong></span> <span class='ocrx_word' id='word_1_149' title='bbox 449 2033 481 2089; x_wconf 93' lang='lat' dir='ltr'><strong>P.</strong></span> <span class='ocrx_word' id='word_1_150' title='bbox 507 2031 652 2107; x_wconf 91' lang='lat' dir='ltr'><strong>quidquid</strong></span> <span class='ocrx_word' id='word_1_151' title='bbox 681 2035 749 2108; x_wconf 89' lang='lat' dir='ltr'><strong>post</strong></span> <span class='ocrx_word' id='word_1_152' title='bbox 781 2033 908 2090; x_wconf 88' lang='lat' dir='ltr'><strong>mortem</strong></span> <span class='ocrx_word' id='word_1_153' title='bbox 936 2037 1137 2108; x_wconf 87' lang='lat' dir='ltr'><strong>memoratur,</strong></span> 
     </span>
     <span class='ocr_line' id='line_1_21' title="bbox 114 2120 1178 2198; baseline 0.006 -19"><span class='ocrx_word' id='word_1_154' title='bbox 114 2121 224 2179; x_wconf 90' lang='lat' dir='ltr'><strong>doloris</strong></span> <span class='ocrx_word' id='word_1_155' title='bbox 242 2121 396 2179; x_wconf 84' lang='lat' dir='ltr'><strong>renovatio</strong></span> <span class='ocrx_word' id='word_1_156' title='bbox 416 2123 467 2178; x_wconf 93' lang='lat' dir='ltr'><strong>est.</strong></span> <span class='ocrx_word' id='word_1_157' title='bbox 508 2121 554 2178; x_wconf 92' lang='grc' dir='ltr'><strong>Μ.</strong></span> <span class='ocrx_word' id='word_1_158' title='bbox 569 2140 628 2179; x_wconf 90' lang='lat' dir='ltr'><strong>non</strong></span> <span class='ocrx_word' id='word_1_159' title='bbox 646 2124 745 2196; x_wconf 89' lang='lat' dir='ltr'><strong>potest</strong></span> <span class='ocrx_word' id='word_1_160' title='bbox 763 2121 798 2179; x_wconf 94' lang='lat' dir='ltr'><strong>de</strong></span> <span class='ocrx_word' id='word_1_161' title='bbox 816 2121 914 2179; x_wconf 90' lang='lat' dir='ltr'><strong>reditu</strong></span> <span class='ocrx_word' id='word_1_162' title='bbox 933 2120 1033 2180; x_wconf 90' lang='lat' dir='ltr'><strong>dolere</strong></span> <span class='ocrx_word' id='word_1_163' title='bbox 1052 2141 1137 2198; x_wconf 90' lang='lat' dir='ltr'><strong>quae</strong></span> <span class='ocrx_word' id='word_1_164' title='bbox 1152 2147 1178 2185; x_wconf 81' lang='lat' dir='ltr'><strong>so</strong></span> 
     </span>
     <span class='ocr_line' id='line_1_22' title="bbox 114 2209 1137 2286; baseline 0.005 -20"><span class='ocrx_word' id='word_1_165' title='bbox 114 2209 150 2267; x_wconf 87' lang='lat' dir='ltr'><strong>de</strong></span> <span class='ocrx_word' id='word_1_166' title='bbox 173 2210 268 2267; x_wconf 87' lang='lat' dir='ltr'><strong>morte</strong></span> <span class='ocrx_word' id='word_1_167' title='bbox 291 2228 351 2267; x_wconf 92' lang='lat' dir='ltr'><strong>non</strong></span> <span class='ocrx_word' id='word_1_168' title='bbox 373 2211 473 2284; x_wconf 88' lang='lat' dir='ltr'><strong>potuit</strong></span> <span class='ocrx_word' id='word_1_169' title='bbox 495 2210 649 2268; x_wconf 88' lang='lat' dir='ltr'><strong>consolari.</strong></span> <span class='ocrx_word' id='word_1_170' title='bbox 690 2211 723 2267; x_wconf 91' lang='lat' dir='ltr'><strong>P.</strong></span> <span class='ocrx_word' id='word_1_171' title='bbox 766 2212 791 2268; x_wconf 91' lang='lat' dir='ltr'><strong>si</strong></span> <span class='ocrx_word' id='word_1_172' title='bbox 813 2229 912 2267; x_wconf 91' lang='lat' dir='ltr'><strong>meum</strong></span> <span class='ocrx_word' id='word_1_173' title='bbox 934 2212 1056 2286; x_wconf 85' lang='lat' dir='ltr'><strong>repetis,</strong></span> <span class='ocrx_word' id='word_1_174' title='bbox 1082 2212 1137 2271; x_wconf 90' lang='lat' dir='ltr'><strong>de-</strong></span> 
     </span>
     <span class='ocr_line' id='line_1_23' title="bbox 114 2297 1136 2372; baseline 0.004 -16"><span class='ocrx_word' id='word_1_175' title='bbox 114 2300 233 2356; x_wconf 90' lang='lat' dir='ltr'><strong>functus</strong></span> <span class='ocrx_word' id='word_1_176' title='bbox 258 2301 310 2372; x_wconf 89' lang='lat' dir='ltr'><strong>est,</strong></span> <span class='ocrx_word' id='word_1_177' title='bbox 334 2299 360 2356; x_wconf 90' lang='lat' dir='ltr'><strong>si</strong></span> <span class='ocrx_word' id='word_1_178' title='bbox 382 2297 484 2372; x_wconf 86' lang='lat' dir='ltr'><strong>alium,</strong></span> <span class='ocrx_word' id='word_1_179' title='bbox 505 2317 566 2355; x_wconf 92' lang='lat' dir='ltr'><strong>non</strong></span> <span class='ocrx_word' id='word_1_180' title='bbox 588 2297 688 2356; x_wconf 90' lang='lat' dir='ltr'><strong>habui.</strong></span> <span class='ocrx_word' id='word_1_181' title='bbox 729 2300 774 2357; x_wconf 88' lang='lat' dir='ltr'><strong>M.</strong></span> <span class='ocrx_word' id='word_1_182' title='bbox 794 2318 853 2357; x_wconf 88' lang='lat' dir='ltr'><strong>non</strong></span> <span class='ocrx_word' id='word_1_183' title='bbox 876 2299 949 2357; x_wconf 87' lang='lat' dir='ltr'><strong>adeo</strong></span> <span class='ocrx_word' id='word_1_184' title='bbox 971 2298 1136 2361; x_wconf 86' lang='lat' dir='ltr'><strong>defunctus</strong></span> 
     </span>
     <span class='ocr_line' id='line_1_24' title="bbox 114 2386 1137 2462; baseline 0.001 -15"><span class='ocrx_word' id='word_1_185' title='bbox 114 2390 159 2447; x_wconf 92' lang='lat' dir='ltr'><strong>est</strong></span> <span class='ocrx_word' id='word_1_186' title='bbox 190 2389 243 2462; x_wconf 91' lang='lat' dir='ltr'><strong>qui</strong></span> <span class='ocrx_word' id='word_1_187' title='bbox 271 2386 361 2461; x_wconf 83' lang='lat' dir='ltr'><strong>redit,</strong></span> <span class='ocrx_word' id='word_1_188' title='bbox 393 2387 444 2461; x_wconf 92' lang='lat' dir='ltr'><strong>qui</strong></span> <span class='ocrx_word' id='word_1_189' title='bbox 474 2387 655 2462; x_wconf 88' lang='lat' dir='ltr'><strong>consolatur,</strong></span> <span class='ocrx_word' id='word_1_190' title='bbox 686 2389 738 2462; x_wconf 91' lang='lat' dir='ltr'><strong>qui</strong></span> <span class='ocrx_word' id='word_1_191' title='bbox 767 2387 855 2446; x_wconf 90' lang='lat' dir='ltr'><strong>horas</strong></span> <span class='ocrx_word' id='word_1_192' title='bbox 885 2390 996 2461; x_wconf 85' lang='lat' dir='ltr'><strong>servat,</strong></span> <span class='ocrx_word' id='word_1_193' title='bbox 1027 2392 1137 2448; x_wconf 86' lang='lat' dir='ltr'><strong>venire</strong></span> 
     </span>
    </p>
   </div>
   <div class='ocr_carea' id='block_1_5' title="bbox 112 2476 1177 3087">
    <p class='ocr_par' dir='ltr' id='par_1_6' title="bbox 112 2476 1177 3087">
     <span class='ocr_line' id='line_1_25' title="bbox 113 2476 1137 2555; baseline 0.003 -20"><span class='ocrx_word' id='word_1_194' title='bbox 113 2477 233 2555; x_wconf 79' lang='lat' dir='ltr'><strong>gaudet,</strong></span> <span class='ocrx_word' id='word_1_195' title='bbox 251 2476 346 2535; x_wconf 88' lang='lat' dir='ltr'><strong>redire</strong></span> <span class='ocrx_word' id='word_1_196' title='bbox 364 2476 522 2551; x_wconf 89' lang='lat' dir='ltr'><strong>promittit.</strong></span> <span class='ocrx_word' id='word_1_197' title='bbox 557 2477 592 2534; x_wconf 90' lang='lat' dir='ltr'><strong>P.</strong></span> <span class='ocrx_word' id='word_1_198' title='bbox 606 2476 782 2550; x_wconf 88' lang='lat' dir='ltr'><strong>inauditum,</strong></span> <span class='ocrx_word' id='word_1_199' title='bbox 800 2478 1006 2554; x_wconf 77' lang='lat' dir='ltr'><strong>incontingens</strong></span> <span class='ocrx_word' id='word_1_200' title='bbox 1025 2481 1137 2554; x_wconf 85' lang='lat' dir='ltr'><strong>postu-¹</strong></span> 
     </span>
     <span class='ocr_line' id='line_1_26' title="bbox 113 2564 1177 2642; baseline 0.002 -16"><span class='ocrx_word' id='word_1_201' title='bbox 113 2567 165 2626; x_wconf 90' lang='lat' dir='ltr'><strong>lat.</strong></span> <span class='ocrx_word' id='word_1_202' title='bbox 206 2567 252 2623; x_wconf 95' lang='grc' dir='ltr'><strong>Μ.</strong></span> <span class='ocrx_word' id='word_1_203' title='bbox 272 2566 297 2624; x_wconf 90' lang='lat' dir='ltr'><strong>si</strong></span> <span class='ocrx_word' id='word_1_204' title='bbox 319 2585 461 2642; x_wconf 82' lang='lat' dir='ltr'><strong>magnum</strong></span> <span class='ocrx_word' id='word_1_205' title='bbox 484 2568 541 2640; x_wconf 85' lang='lat' dir='ltr'><strong>est,</strong></span> <span class='ocrx_word' id='word_1_206' title='bbox 565 2568 676 2640; x_wconf 88' lang='lat' dir='ltr'><strong>quanto</strong></span> <span class='ocrx_word' id='word_1_207' title='bbox 699 2567 809 2640; x_wconf 85' lang='lat' dir='ltr'><strong>rarius,</strong></span> <span class='ocrx_word' id='word_1_208' title='bbox 838 2569 924 2625; x_wconf 89' lang='lat' dir='ltr'><strong>tanto</strong></span> <span class='ocrx_word' id='word_1_209' title='bbox 946 2564 1053 2625; x_wconf 90' lang='lat' dir='ltr'><strong>maius.</strong></span> <span class='ocrx_word' id='word_1_210' title='bbox 1099 2570 1136 2628; x_wconf 92' lang='lat' dir='ltr'><strong>P.</strong></span> <span class='ocrx_word' id='word_1_211' title='bbox 1151 2593 1177 2632; x_wconf 80' lang='lat' dir='ltr'><strong>ss</strong></span> 
     </span>
     <span class='ocr_line' id='line_1_27' title="bbox 113 2654 1136 2733; baseline 0.002 -19"><span class='ocrx_word' id='word_1_212' title='bbox 113 2656 189 2715; x_wconf 90' lang='lat' dir='ltr'><strong>nihil</strong></span> <span class='ocrx_word' id='word_1_213' title='bbox 217 2655 345 2713; x_wconf 88' lang='lat' dir='ltr'><strong>deterius</strong></span> <span class='ocrx_word' id='word_1_214' title='bbox 376 2673 465 2728; x_wconf 90' lang='lat' dir='ltr'><strong>quam</strong></span> <span class='ocrx_word' id='word_1_215' title='bbox 495 2654 542 2712; x_wconf 92' lang='lat' dir='ltr'><strong>die</strong></span> <span class='ocrx_word' id='word_1_216' title='bbox 570 2672 701 2731; x_wconf 86' lang='lat' dir='ltr'><strong>sperare,</strong></span> <span class='ocrx_word' id='word_1_217' title='bbox 731 2658 816 2712; x_wconf 90' lang='lat' dir='ltr'><strong>nocte</strong></span> <span class='ocrx_word' id='word_1_218' title='bbox 845 2655 919 2714; x_wconf 83' lang='lat' dir='ltr'><strong>falli.</strong></span> <span class='ocrx_word' id='word_1_219' title='bbox 966 2657 1136 2733; x_wconf 88' lang='lat' dir='ltr'><strong>utrumqne</strong></span> 
     </span>
     <span class='ocr_line' id='line_1_28' title="bbox 112 2743 1136 2821; baseline 0.002 -18"><span class='ocrx_word' id='word_1_220' title='bbox 112 2747 231 2820; x_wconf 92' lang='lat' dir='ltr'><strong>tempus</strong></span> <span class='ocrx_word' id='word_1_221' title='bbox 250 2745 408 2802; x_wconf 88' lang='lat' dir='ltr'><strong>amittitur.</strong></span> <span class='ocrx_word' id='word_1_222' title='bbox 448 2744 494 2801; x_wconf 88' lang='lat' dir='ltr'><strong>M.</strong></span> <span class='ocrx_word' id='word_1_223' title='bbox 509 2743 585 2801; x_wconf 90' lang='lat' dir='ltr'><strong>nihil</strong></span> <span class='ocrx_word' id='word_1_224' title='bbox 602 2744 759 2803; x_wconf 92' lang='lat' dir='ltr'><strong>iucundius</strong></span> <span class='ocrx_word' id='word_1_225' title='bbox 779 2763 868 2818; x_wconf 90' lang='lat' dir='ltr'><strong>quam</strong></span> <span class='ocrx_word' id='word_1_226' title='bbox 887 2744 934 2802; x_wconf 90' lang='lat' dir='ltr'><strong>die</strong></span> <span class='ocrx_word' id='word_1_227' title='bbox 952 2743 1136 2821; x_wconf 86' lang='lat' dir='ltr'><strong>desiderare,</strong></span> 
     </span>
     <span class='ocr_line' id='line_1_29' title="bbox 113 2833 1136 2910; baseline 0.004 -18"><span class='ocrx_word' id='word_1_228' title='bbox 113 2837 200 2893; x_wconf 91' lang='lat' dir='ltr'><strong>nocte</strong></span> <span class='ocrx_word' id='word_1_229' title='bbox 223 2833 290 2891; x_wconf 89' lang='lat' dir='ltr'><strong>frui.</strong></span> <span class='ocrx_word' id='word_1_230' title='bbox 332 2833 485 2891; x_wconf 80' lang='lat' dir='ltr'><strong>Romnae</strong></span> <span class='ocrx_word' id='word_1_231' title='bbox 508 2834 618 2891; x_wconf 87' lang='lat' dir='ltr'><strong>matres</strong></span> <span class='ocrx_word' id='word_1_232' title='bbox 641 2835 673 2891; x_wconf 92' lang='lat' dir='ltr'><strong>in</strong></span> <span class='ocrx_word' id='word_1_233' title='bbox 695 2833 840 2891; x_wconf 87' lang='lat' dir='ltr'><strong>invidiam</strong></span> <span class='ocrx_word' id='word_1_234' title='bbox 863 2833 947 2892; x_wconf 90' lang='lat' dir='ltr'><strong>ducit</strong></span> <span class='ocrx_word' id='word_1_235' title='bbox 970 2835 1022 2907; x_wconf 91' lang='lat' dir='ltr'><strong>qui</strong></span> <span class='ocrx_word' id='word_1_236' title='bbox 1046 2837 1136 2910; x_wconf 91' lang='lat' dir='ltr'><strong>quic·</strong></span> 
     </span>
     <span class='ocr_line' id='line_1_30' title="bbox 115 2921 1136 2998; baseline 0.004 -19"><span class='ocrx_word' id='word_1_237' title='bbox 115 2942 205 2997; x_wconf 88' lang='lat' dir='ltr'><strong>quam</strong></span> <span class='ocrx_word' id='word_1_238' title='bbox 228 2923 266 2980; x_wconf 93' lang='lat' dir='ltr'><strong>ad</strong></span> <span class='ocrx_word' id='word_1_239' title='bbox 289 2940 338 2981; x_wconf 85' lang='lat' dir='ltr'><strong>eas</strong></span> <span class='ocrx_word' id='word_1_240' title='bbox 362 2921 497 2980; x_wconf 84' lang='lat' dir='ltr'><strong>abuma</strong></span> <span class='ocrx_word' id='word_1_241' title='bbox 524 2921 620 2980; x_wconf 87' lang='lat' dir='ltr'><strong>redire</strong></span> <span class='ocrx_word' id='word_1_242' title='bbox 643 2922 751 2998; x_wconf 82' lang='lat' dir='ltr'><strong>arguit.</strong></span> <span class='ocrx_word' id='word_1_243' title='bbox 792 2924 838 2981; x_wconf 89' lang='grc' dir='ltr'><strong>Μ.</strong></span> <span class='ocrx_word' id='word_1_244' title='bbox 858 2923 928 2981; x_wconf 87' lang='lat' dir='ltr'><strong>illae</strong></span> <span class='ocrx_word' id='word_1_245' title='bbox 955 2940 1027 2981; x_wconf 89' lang='lat' dir='ltr'><strong>sano</strong></span> <span class='ocrx_word' id='word_1_246' title='bbox 1051 2924 1136 2983; x_wconf 85' lang='lat' dir='ltr'><strong>invi-</strong></span> 
     </span>
     <span class='ocr_line' id='line_1_31' title="bbox 115 3009 1177 3087; baseline 0.003 -17"><span class='ocrx_word' id='word_1_247' title='bbox 115 3011 212 3085; x_wconf 85' lang='lat' dir='ltr'><strong>deant,</strong></span> <span class='ocrx_word' id='word_1_248' title='bbox 236 3011 306 3068; x_wconf 93' lang='lat' dir='ltr'><strong>dum</strong></span> <span class='ocrx_word' id='word_1_249' title='bbox 330 3029 385 3087; x_wconf 81' lang='lat' dir='ltr'><strong>ego</strong></span> <span class='ocrx_word' id='word_1_250' title='bbox 407 3009 522 3069; x_wconf 85' lang='lat' dir='ltr'><strong>invidia</strong></span> <span class='ocrx_word' id='word_1_251' title='bbox 549 3011 656 3070; x_wconf 87' lang='lat' dir='ltr'><strong>solvar.</strong></span> <span class='ocrx_word' id='word_1_252' title='bbox 697 3011 730 3068; x_wconf 91' lang='lat' dir='ltr'><strong>P.</strong></span> <span class='ocrx_word' id='word_1_253' title='bbox 749 3011 794 3070; x_wconf 90' lang='lat' dir='ltr'><strong>ita</strong></span> <span class='ocrx_word' id='word_1_254' title='bbox 821 3013 978 3085; x_wconf 82' lang='lat' dir='ltr'><strong>nascimur,</strong></span> <span class='ocrx_word' id='word_1_255' title='bbox 1007 3015 1049 3070; x_wconf 88' lang='lat' dir='ltr'><strong>ut</strong></span> <span class='ocrx_word' id='word_1_256' title='bbox 1066 3033 1136 3073; x_wconf 91' lang='lat' dir='ltr'><strong>mo·</strong></span> <span class='ocrx_word' id='word_1_257' title='bbox 1151 3039 1177 3078; x_wconf 76' lang='lat'><strong>³0</strong></span> 
     </span>
    </p>
   </div>
   <div class='ocr_carea' id='block_1_6' title="bbox 114 3143 1141 3626">
    <p class='ocr_par' dir='ltr' id='par_1_7' title="bbox 186 3143 523 3211">
     <span class='ocr_line' id='line_1_32' title="bbox 186 3143 523 3211; baseline 0.003 -15"><span class='ocrx_word' id='word_1_258' title='bbox 186 3150 201 3196; x_wconf 81' lang='lat'><strong>2</strong></span> <span class='ocrx_word' id='word_1_259' title='bbox 221 3144 341 3198; x_wconf 86' lang='lat' dir='ltr'><strong>dimisit:</strong></span> <span class='ocrx_word' id='word_1_260' title='bbox 361 3143 476 3211; x_wconf 89' lang='lat' dir='ltr'><strong>reliquit</strong></span> <span class='ocrx_word' id='word_1_261' title='bbox 495 3153 523 3197; x_wconf 78' lang='grc'><strong>11</strong></span> 
     </span>
    </p>

    <p class='ocr_par' dir='ltr' id='par_1_8' title="bbox 114 3214 1141 3626">
     <span class='ocr_line' id='line_1_33' title="bbox 187 3214 1134 3285; baseline 0.007 -18"><span class='ocrx_word' id='word_1_262' title='bbox 187 3221 201 3267; x_wconf 79' lang='grc'><strong>1</strong></span> <span class='ocrx_word' id='word_1_263' title='bbox 222 3215 380 3285; x_wconf 89' lang='lat' dir='ltr'><strong>sepulcrum</strong></span> <span class='ocrx_word' id='word_1_264' title='bbox 398 3215 560 3268; x_wconf 90' lang='lat' dir='ltr'><strong>incantatur</strong></span> <span class='ocrx_word' id='word_1_265' title='bbox 577 3214 648 3268; x_wconf 86' lang='lat' dir='ltr'><strong>VIII.</strong></span> <span class='ocrx_word' id='word_1_266' title='bbox 668 3214 714 3268; x_wconf 88' lang='lat' dir='ltr'><strong>lex</strong></span> <span class='ocrx_word' id='word_1_267' title='bbox 727 3224 755 3268; x_wconf 81' lang='lat' dir='ltr'><em>P</em></span> <span class='ocrx_word' id='word_1_268' title='bbox 817 3222 849 3270; x_wconf 92' lang='lat'><strong>11</strong></span> <span class='ocrx_word' id='word_1_269' title='bbox 868 3222 932 3270; x_wconf 82' lang='lat' dir='ltr'><strong>cote</strong></span> <span class='ocrx_word' id='word_1_270' title='bbox 946 3215 1044 3270; x_wconf 89' lang='lat' dir='ltr'><strong>fictum</strong></span> <span class='ocrx_word' id='word_1_271' title='bbox 1062 3220 1134 3274; x_wconf 85' lang='lat' dir='ltr'><strong>add.</strong></span> 
     </span>
     <span class='ocr_line' id='line_1_34' title="bbox 114 3285 1136 3344; baseline 0.005 -5"><span class='ocrx_word' id='word_1_272' title='bbox 114 3295 155 3339; x_wconf 74' lang='lat' dir='ltr'><strong>lt:</strong></span> <span class='ocrx_word' id='word_1_273' title='bbox 179 3302 242 3340; x_wconf 86' lang='lat' dir='ltr'><strong>vere</strong></span> <span class='ocrx_word' id='word_1_274' title='bbox 261 3286 368 3341; x_wconf 88' lang='lat' dir='ltr'><strong>iudices</strong></span> <span class='ocrx_word' id='word_1_275' title='bbox 386 3303 459 3340; x_wconf 86' lang='lat' dir='ltr'><strong>nova</strong></span> <span class='ocrx_word' id='word_1_276' title='bbox 480 3285 646 3340; x_wconf 88' lang='lat' dir='ltr'><strong>differentia.</strong></span> <span class='ocrx_word' id='word_1_277' title='bbox 682 3286 755 3340; x_wconf 93' lang='lat' dir='ltr'><strong>nihil</strong></span> <span class='ocrx_word' id='word_1_278' title='bbox 774 3286 846 3341; x_wconf 91' lang='lat' dir='ltr'><strong>enim</strong></span> <span class='ocrx_word' id='word_1_279' title='bbox 867 3303 884 3340; x_wconf 92' lang='lat' dir='ltr'><strong>a</strong></span> <span class='ocrx_word' id='word_1_280' title='bbox 902 3285 1068 3342; x_wconf 88' lang='lat' dir='ltr'><strong>calamitate</strong></span> <span class='ocrx_word' id='word_1_281' title='bbox 1088 3290 1136 3344; x_wconf 89' lang='lat' dir='ltr'><strong>di-</strong></span> 
     </span>
     <span class='ocr_line' id='line_1_35' title="bbox 114 3356 1137 3428; baseline 0.009 -19"><span class='ocrx_word' id='word_1_282' title='bbox 114 3357 235 3411; x_wconf 89' lang='lat' dir='ltr'><strong>stantius</strong></span> <span class='ocrx_word' id='word_1_283' title='bbox 254 3373 338 3427; x_wconf 88' lang='lat' dir='ltr'><strong>quam</strong></span> <span class='ocrx_word' id='word_1_284' title='bbox 357 3357 528 3412; x_wconf 85' lang='lat' dir='ltr'><strong>calamitatis</strong></span> <span class='ocrx_word' id='word_1_285' title='bbox 553 3356 701 3412; x_wconf 86' lang='lat' dir='ltr'><strong>absolutio.</strong></span> <span class='ocrx_word' id='word_1_286' title='bbox 735 3358 810 3426; x_wconf 90' lang='lat' dir='ltr'><strong>quod</strong></span> <span class='ocrx_word' id='word_1_287' title='bbox 833 3361 929 3413; x_wconf 88' lang='lat' dir='ltr'><strong>autem</strong></span> <span class='ocrx_word' id='word_1_288' title='bbox 947 3359 1137 3428; x_wconf 87' lang='lat' dir='ltr'><strong>conqueritur</strong></span> 
     </span>
     <span class='ocr_line' id='line_1_36' title="bbox 114 3428 1136 3498; baseline 0.007 -17"><span class='ocrx_word' id='word_1_289' title='bbox 114 3429 174 3481; x_wconf 88' lang='lat' dir='ltr'><strong>tam</strong></span> <span class='ocrx_word' id='word_1_290' title='bbox 229 3431 268 3483; x_wconf 90' lang='lat' dir='ltr'><strong>et:</strong></span> <span class='ocrx_word' id='word_1_291' title='bbox 288 3445 372 3497; x_wconf 88' lang='lat' dir='ltr'><strong>quam</strong></span> <span class='ocrx_word' id='word_1_292' title='bbox 392 3438 420 3482; x_wconf 79' lang='grc'><strong>11</strong></span> <span class='ocrx_word' id='word_1_293' title='bbox 475 3434 507 3482; x_wconf 82' lang='lat'><strong>12</strong></span> <span class='ocrx_word' id='word_1_294' title='bbox 527 3428 649 3482; x_wconf 88' lang='lat' dir='ltr'><strong>fructum</strong></span> <span class='ocrx_word' id='word_1_295' title='bbox 669 3430 783 3497; x_wconf 74' lang='lat' dir='ltr'><strong>V(oorr.</strong></span> <span class='ocrx_word' id='word_1_296' title='bbox 798 3447 871 3484; x_wconf 81' lang='lat' dir='ltr'><strong>maa.</strong></span> <span class='ocrx_word' id='word_1_297' title='bbox 886 3432 957 3498; x_wconf 79' lang='lat' dir='ltr'><strong>2)a</strong></span> <span class='ocrx_word' id='word_1_298' title='bbox 1011 3435 1045 3484; x_wconf 78' lang='lat' dir='ltr'><strong>lt</strong></span> <span class='ocrx_word' id='word_1_299' title='bbox 1065 3431 1136 3489; x_wconf 79' lang='lat' dir='ltr'><strong>alli·</strong></span> 
     </span>
     <span class='ocr_line' id='line_1_37' title="bbox 114 3499 1141 3602; baseline 0.007 -50"><span class='ocrx_word' id='word_1_300' title='bbox 114 3499 194 3569; x_wconf 77' lang='lat' dir='ltr'><strong>gavit</strong></span> <span class='ocrx_word' id='word_1_301' title='bbox 211 3508 257 3552; x_wconf 80' lang='lat' dir='ltr'><strong>VB</strong></span> <span class='ocrx_word' id='word_1_302' title='bbox 341 3506 373 3554; x_wconf 84' lang='grc'><strong>19</strong></span> <span class='ocrx_word' id='word_1_303' title='bbox 392 3502 574 3554; x_wconf 85' lang='lat' dir='ltr'><strong>memoratur:</strong></span> <span class='ocrx_word' id='word_1_304' title='bbox 595 3502 720 3554; x_wconf 85' lang='lat' dir='ltr'><strong>tueretur</strong></span> <span class='ocrx_word' id='word_1_305' title='bbox 734 3510 762 3554; x_wconf 79' lang='lat' dir='ltr'><strong>Il</strong></span> <span class='ocrx_word' id='word_1_306' title='bbox 851 3506 885 3553; x_wconf 77' lang='lat'><strong>22</strong></span> <span class='ocrx_word' id='word_1_307' title='bbox 907 3501 1062 3602; x_wconf 79' lang='lat' dir='ltr'><strong>hamadeo</strong></span> <span class='ocrx_word' id='word_1_308' title='bbox 1081 3513 1141 3559; x_wconf 75' lang='lat' dir='ltr'><strong>BV</strong></span> 
     </span>
     <span class='ocr_line' id='line_1_38' title="bbox 114 3570 1135 3626; baseline 0.001 -4"><span class='ocrx_word' id='word_1_309' title='bbox 114 3575 149 3623; x_wconf 77' lang='lat'><strong>25</strong></span> <span class='ocrx_word' id='word_1_310' title='bbox 163 3572 255 3626; x_wconf 90' lang='lat' dir='ltr'><strong>tanto:</strong></span> <span class='ocrx_word' id='word_1_311' title='bbox 275 3571 360 3625; x_wconf 91' lang='lat' dir='ltr'><strong>timeo</strong></span> <span class='ocrx_word' id='word_1_312' title='bbox 380 3580 408 3624; x_wconf 79' lang='lat' dir='ltr'><em>P</em></span> <span class='ocrx_word' id='word_1_313' title='bbox 477 3577 510 3624; x_wconf 87' lang='lat'><strong>30</strong></span> <span class='ocrx_word' id='word_1_314' title='bbox 530 3570 631 3624; x_wconf 86' lang='lat' dir='ltr'><strong>solvari</strong></span> <span class='ocrx_word' id='word_1_315' title='bbox 649 3580 701 3624; x_wconf 73' lang='lat' dir='ltr'><strong>BV</strong></span> <span class='ocrx_word' id='word_1_316' title='bbox 755 3576 757 3581; x_wconf 71' lang='grc'><em>“</em></span> <span class='ocrx_word' id='word_1_317' title='bbox 1050 3613 1055 3619; x_wconf 83' lang='grc'><strong>.</strong></span> <span class='ocrx_word' id='word_1_318' title='bbox 1131 3618 1135 3623; x_wconf 90' lang='grc'><em>.</em></span> 
     </span>
    </p>
   </div>
   <div class='ocr_carea' id='block_1_7' title="bbox 0 0 1221 3952">
    <p class='ocr_par' dir='ltr' id='par_1_9' title="bbox 0 0 1221 3952">
     <span class='ocr_line' id='line_1_39' title="bbox 0 0 1221 3952; baseline 0 0"><span class='ocrx_word' id='word_1_319' title='bbox 0 0 1221 3952; x_wconf 95' lang='lat' dir='ltr'><strong> </strong></span> 
     </span>
    </p>
   </div>
  </div>
 </body>
</html>
