2430 3952
372 225 605 281 DECLAMATIO
625 226 742 280 Xe-e.
1001 225 1064 290 193

53 400 89 455 ut
106 415 159 472 per
178 397 308 471 quietem
326 396 485 473 contigisse
507 393 603 452 filium
620 393 708 452 dicat.
745 395 823 453 unde
841 396 965 454 miserae
984 398 1065 470 tunc,

53 485 130 543 unde
158 483 297 544 somnus?
342 485 417 542 nihil
446 484 481 542 de
508 485 551 557 te,
579 484 699 558 marite,
727 483 803 542 nihil
831 503 945 559 queror.
991 486 1064 543 satia

53 591 177 650 magnas
196 573 324 633 dedisses
347 592 465 648 poenes,
489 573 515 631 si
537 573 608 631 totis
632 572 768 631 noctibus
786 591 902 633 mecum
924 572 1064 631 1111111-

53 664 167 722 luisses
208 663 331 722 vidisses
354 662 465 736 utique,
488 680 547 719 non
572 661 819 735 quemadmodum
841 663 944 720 tenues
966 681 1065 719 rerum

28 752 200 827 simagines
223 751 320 811 solent
342 749 572 827 cogitationibus
594 752 725 826 accipere
748 769 862 826 corpus,
887 769 954 809 eum
971 769 1065 809 vanae

56 839 170 899 absenti
202 842 301 899 animo
330 840 524 917 cogitationes
556 839 718 916 finguntur,
750 841 802 898 sed
833 841 930 914 ipsum
961 839 1065 914 filium,

56 930 153 1005 qualis
175 929 385 988 blandissimus
409 931 481 1002 erat,
504 931 543 1001 et,
566 929 593 986 si
615 928 793 1004 dimittatur,
816 928 929 986 videbo.
967 928 1065 987 subito

56 1021 125 1076 ante
147 1037 195 1076 me
218 1018 346 1077 diductis
374 1017 509 1077 constitit
535 1016 679 1091 tenebris,
706 1037 766 1076 non
793 1018 844 1075 ille
871 1018 987 1091 pallens
1013 1036 1066 1076 nee

57 1107 161 1165 acerbo
184 1107 327 1183 languore
351 1109 542 1182 consumptus
565 1124 618 1164 nee
642 1106 738 1180 qualis
762 1124 850 1181 super
874 1125 962 1184 rogos
985 1107 1066 1164 vide·

15 1219 42 1257 10
55 1195 144 1254 batur
176 1198 206 1254 et
237 1195 385 1270 flammas,
418 1196 469 1255 sed
500 1195 604 1254 viridis
636 1197 666 1253 et
697 1213 767 1253 sane
799 1195 921 1270 pulcher
952 1197 1066 1253 habitu.

55 1285 154 1343 nescio
181 1283 234 1342 ubi
260 1287 356 1343 totam
383 1285 544 1358 reliquerat
571 1286 704 1342 mortem.
750 1303 810 1342 non
839 1286 908 1361 igne
937 1284 1067 1343 torridae

56 1391 157 1432 comae
184 1392 238 1432 nee
266 1373 371 1432 favilla
398 1373 515 1431 funebri
541 1375 628 1448 nigra
656 1374 745 1431 facies
778 1392 831 1431 neo
854 1375 904 1431 vix
930 1373 1003 1431 bene
1028 1375 1067 1432 ci-

55 1481 125 1520 nere
153 1464 316 1537 composito
344 1463 466 1520 umbrae
492 1463 618 1521 recentis
645 1463 749 1539 igneus
780 1461 907 1536 squalor.
952 1462 1067 1537 procla-

54 1553 151 1609 maret
172 1553 269 1609 mator
290 1552 402 1626 infelix,
427 1552 544 1610 etiamsi
566 1551 657 1608 talem
680 1551 779 1609 videre
803 1550 933 1609 desisset.
971 1552 1067 1624 primo

15 1661 41 1701 15
55 1642 175 1698 tantum
197 1641 282 1698 stetit
305 1643 335 1698 et
358 1659 387 1699 se
411 1640 546 1716 permisit
569 1641 697 1716 agnosci.
735 1659 789 1716 ego
811 1641 883 1698 tunc
905 1639 1068 1714 plurimum

56 1730 158 1804 stupui
179 1747 239 1787 non
263 1748 335 1788 ausa
358 1729 457 1788 oscula
480 1729 563 1802 dare,
590 1747 649 1787 non
672 1731 793 1806 iungere
817 1729 978 1803 amplexus.
1023 1730 1068 1785 in-

56 1817 129 1875 felix
158 1819 288 1891 primam
319 1818 435 1892 perdidi
466 1820 595 1892 noctem,
628 1818 700 1875 dum
731 1819 836 1892 timec,
869 1837 905 1876 ne
937 1817 1067 1894 fugeret!

55 1906 133 1964 hanc
154 1909 197 1979 tu,
220 1908 335 1983 marite,
358 1908 578 1981 persuasionem
600 1908 689 1980 putas
713 1909 743 1964 et
761 1926 871 1965 vanum
895 1907 987 1964 animi
1009 1908 1069 1964 mei

56 1996 188 2072 lugentis
207 1993 354 2054 errorem?
391 1996 534 2070 quicquid
553 1997 647 2054 estin
665 1995 735 2069 filio,
758 1996 826 2071 plus
845 1995 924 2070 apud
942 1998 1069 2053 matrem

15 2105 42 2145 ao
57 2083 104 2159 fit,
132 2102 200 2141 cum
227 2085 344 2143 desinit.
390 2087 435 2144 vis
463 2085 588 2159 denique
617 2086 690 2143 seire
714 2085 786 2159 quid
813 2087 898 2142 uxori
924 2087 993 2143 tuae
1020 2085 1068 2143 de-

56 2171 203 2232 traxeris?
231 2191 266 2230 ex
288 2172 428 2232 defuncto
455 2173 517 2232 filio
545 2192 605 2231 non
632 2173 722 2231 habet
750 2173 832 2232 aliud
856 2172 934 2248 quod
963 2175 1068 2248 speret.

123 2261 188 2320 Iam
206 2281 265 2320 nox
279 2262 374 2321 altera
387 2263 499 2336 aderat,
517 2265 547 2319 et
565 2264 669 2336 primis
683 2264 786 2321 statim
800 2264 929 2321 tenebris
947 2265 1065 2337 praesto
1085 2262 1104 2316 6

57 2350 136 2410 filius
160 2353 224 2409 erat
246 2369 305 2409 non
327 2351 379 2410 ille
401 2356 436 2409 ut
463 2351 558 2427 pridie
582 2352 687 2426 procul
715 2354 744 2409 et
771 2354 889 2410 tanturn
916 2351 1068 2424 videndus

58 2438 109 2498 sed
137 2440 277 2499 audacius
305 2442 334 2498 et
360 2443 482 2515 propius
515 2443 545 2498 et
572 2440 610 2498 ad
642 2442 746 2498 matris
778 2459 883 2499 manus
915 2442 1069 2515 tamquam

16 2547 43 2588 as
58 2546 164 2603 corpus
187 2529 334 2588 accedens.
376 2549 429 2588 nec
451 2531 513 2587 iarn
534 2531 593 2588 nisi
616 2548 683 2588 cum
706 2531 770 2588 luce
794 2532 875 2588 certa
897 2529 1069 2606 fugatisque

59 2616 204 2677 sideribus
221 2619 334 2677 invitus
352 2618 404 2676 ille
418 2618 594 2677 vanescebat
613 2637 647 2676 ex
665 2619 757 2677 oeulis
776 2618 904 2676 multum
921 2619 1069 2690 resistens,

58 2723 147 2779 saepe
164 2706 323 2780 respiciens
342 2709 442 2782 etqui
461 2726 491 2766 se
509 2709 697 2783 promitteret
716 2709 807 2765 etiam
825 2707 961 2782 proxima
984 2708 1069 2765 noete

58 2796 224 2852 venturum.
270 2797 331 2853 iam
363 2798 490 2855 maerori
521 2796 602 2856 locus
634 2814 693 2854 non
726 2798 802 2853 erat:
835 2795 942 2854 mulier
975 2794 1067 2852 filium

58 2886 145 2942 nocte
168 2883 296 2959 videbat,
320 2885 367 2943 die
391 2884 536 2959 sperabat.
574 2885 645 2959 quid
669 2885 778 2943 attinet
800 2885 918 2961 singula
940 2882 1069 2942 referre?

17 2993 45 3034 so
59 2971 160 3064 nullisa
176 2974 284 3048 inquit,
308 2973 451 3032 destituta
470 2994 535 3033 sum
552 2974 690 3048 tenebris,
710 2973 801 3033 donec
820 2974 962 3032 scelerata
981 2975 1069 3032 tacui.

20 3059 22 3063 ’
59 3061 192 3120 satiabar
228 3063 348 3138 osculis,
383 3063 514 3122 satiabar
546 3062 729 3137 amplexibus
763 3065 792 3120 et
823 3063 1013 3137 colloquebar
1041 3065 1071 3121 et

131 3248 282 3303 3dedisse
300 3259 341 3313 Bp
413 3248 597 3303 tabsentiee
616 3259 637 3300 V
705 3248 847 3302 ‘Iridebis
869 3249 916 3304 Gr.
991 3249 1071 3302 adi-

59 3320 152 3373 ductis
172 3331 200 3387 ‘3
220 3320 388 3374 deductione
451 3326 483 3373 10
502 3320 599 3389 pulcer
618 3330 645 3373 P
702 3326 735 3374 13
754 3320 881 3373 umbrae:
901 3321 1027 3374 membra
1045 3330 1073 3373 B

59 3397 94 3446 14
113 3391 239 3445 dedisset
256 3401 280 3444 J
349 3397 383 3446 15
402 3392 517 3461 permisi
536 3402 577 3459 M,
601 3409 668 3447 cerr.
683 3413 715 3444 m
788 3397 820 3444 16
842 3391 1000 3456 osculume

59 3467 93 3517 le
112 3463 322 3532 persuasionem
340 3462 495 3537 (inanem)
515 3464 592 3518 Desa.
685 3468 718 3516 19
743 3465 853 3531 patrem
877 3463 932 3532 sit}
955 3465 977 3532 (t
1000 3465 1072 3517 cocis

58 3533 99 3589 ait
115 3535 148 3589 in
164 3537 305 3606 11111),
374 3535 533 3588 11011111
602 3540 635 3587 21
658 3533 800 3605 {amplius
819 3536 911 3604 (aer.)
931 3544 970 3599 B,
993 3534 1079 3586 aliud

57 3615 169 3675 caepae
239 3604 515 3663 ddmhoebatl'
582 3611 614 3660 31
635 3605 819 3677 colloquebar
837 3605 1002 3659 audiebam
1019 3611 1047 3651 n

113 3700 274 3752 W‘²'⁴·
283 3692 487 3751 *mmm
501 3706 538 3751 ed
552 3705 695 3751 henneis
901 3699 940 3746 Υό
