2430 3952
358 186 593 242 nscnsnlrro
612 187 677 242 vm
691 193 789 249 s-11,
1018 189 1081 253 155

64 359 131 416 tam
154 356 244 433 longa
272 374 361 430 quam
388 357 453 414 vita
480 357 527 414 sit.
573 356 652 415 unde
678 358 792 432 putatis
819 358 956 416 inventos
979 357 1081 416 tardos

66 447 206 504 funerum
234 447 409 520 apparatus,
436 444 514 503 unde
538 445 618 519 qnod
641 448 779 521 exequias
806 446 975 521 planctibus
1001 447 1080 505 clan-

66 553 138 613 gore
166 552 334 610 magnoque
362 551 476 608 semper
502 536 703 608 inquietamus
731 536 862 609 ululatu,
889 554 979 610 quam
1003 536 1082 610 quod

66 625 183 682 facinus
206 622 357 682 videretur
380 623 496 682 credere
519 625 583 682 tam
610 623 699 682 facile
721 625 768 682 vel
796 621 907 683 morti?
951 624 1081 684 vidimus

22 714 162 789 sigitur
184 712 355 786 frequenter
378 711 416 769 ad
438 714 534 771 vitam
556 715 625 787 post
648 714 833 772 conclamata
856 731 994 788 suprema
1015 713 1080 771 red·

63 803 178 860 euntes.
215 801 349 876 plerique
368 802 583 860 convaluerunt
600 803 806 878 neglegentiae
828 801 915 875 bono,
938 802 1082 876 quosdam

66 889 211 966 explicuit
233 889 375 965 quicquid
403 891 478 950 alios
505 891 642 950 fortassis
664 891 823 964 occideret,
849 892 903 950 hos
926 891 1081 967 indulgen·

66 981 128 1038 tiae
150 980 316 1054 temeritas,
344 979 412 1036 illos
435 979 553 1038 adiuvit
575 979 789 1055 desperationis
815 980 948 1039 audacia.
995 979 1082 1038 detur
1097 981 1132 1035 11

66 1069 202 1127 fortassis
224 1068 293 1126 huic
317 1069 376 1125 arti
398 1069 564 1143 perspicere
587 1069 718 1143 morbos,
746 1070 906 1144 profutura
929 1068 1081 1127 meditari:

24 1179 53 1220 ro
66 1157 119 1216 sod
141 1157 218 1215 unde
237 1157 327 1216 sciret
345 1160 491 1231 quantum
513 1157 592 1216 inter
609 1159 723 1217 viscera
744 1158 931 1233 latentesque
951 1160 1081 1233 pectoris

66 1248 150 1306 sinus
172 1247 331 1320 unicuique
355 1248 472 1305 animae
494 1248 602 1304 natura
626 1248 811 1321 concesserit,
835 1267 925 1322 quam
948 1248 1081 1322 proprie-

65 1337 162 1394 tatem
189 1336 324 1411 spiritus,
349 1354 439 1410 quam
462 1353 567 1410 corpus
596 1334 765 1410 acceperit?
811 1355 870 1394 non
893 1338 958 1394 tam
979 1338 1080 1394 variae

65 1425 242 1483 mortalibus
266 1425 388 1494 formae,
410 1442 464 1482 neo
486 1425 518 1481 in
536 1425 669 1482 vultibus
691 1425 799 1483 nostris
823 1424 906 1484 sedet
928 1426 1015 1482 tanta
1038 1424 1080 1481 di-

65 1515 192 1572 versitas
217 1515 330 1588 quanta
352 1514 429 1571 latet
451 1513 483 1570 in
505 1513 579 1588 ipsis
602 1512 814 1571 dissimilitudo
838 1513 989 1572 vitalibus.
1036 1514 1081 1570 in-

23 1602 245 1680 inenarrabile,
268 1602 536 1676 indeprehensibile
560 1603 604 1661 est
627 1602 768 1677 quicquid
790 1621 845 1661 nos
868 1602 1082 1660 elementorum

65 1692 152 1750 varia
179 1709 323 1768 compago
350 1691 499 1750 formavit.
546 1693 576 1750 et
598 1694 689 1766 prout
710 1694 742 1749 in
765 1710 819 1750 nos
847 1692 936 1766 plura
959 1709 1011 1750 seu
1034 1710 1080 1749 ra·

64 1781 147 1839 riora
165 1780 200 1839 de
218 1783 344 1839 terrenis
367 1779 528 1838 seminibus
548 1780 782 1855 caelestibusque
805 1782 947 1855 coierunt,
970 1782 1014 1837 ita
1032 1781 1080 1839 vel

66 1869 209 1928 duremur
240 1871 333 1928 tacita
364 1869 480 1928 ratione
512 1870 561 1928 vel
590 1870 740 1928 solvimur.
787 1888 826 1927 an
855 1869 1079 1944 desperantibus

65 1958 147 2017 credi
161 1957 304 2032 debuerit,
322 1976 374 2017 vos
395 1959 598 2016 aestimabitis.
636 1958 688 2032 qui
706 1960 853 2035 negarunt
871 1976 976 2035 aegros
994 1976 1080 2034 posse

22 2069 52 2110 so
65 2046 180 2121 sanari,
212 2067 266 2106 nec
292 2049 324 2105 in
350 2048 407 2106 hoc
435 2048 638 2122 probaverunt
666 2047 717 2122 qui
745 2049 853 2121 erasit,
883 2066 936 2105 nec
965 2048 997 2105 in
1027 2047 1079 2106 illo

66 2146 155 2212 quem
190 2155 250 2194 non
286 2138 412 2213 languor
444 2136 559 2195 occidit.
608 2137 704 2195 iustas
740 2137 921 2195 mehercules
957 2136 1080 2194 haberet

65 2227 173 2284 mulier
202 2243 306 2284 causas
334 2226 533 2300 querelarum,
566 2227 592 2284 si
618 2244 696 2284 nova
724 2227 936 2304 incognitaque
963 2225 1079 2283 ratione

65 2316 114 2372 vel
136 2317 296 2388 utrumque
316 2332 469 2373 servasses.
506 2333 659 2389 nunquam
682 2333 717 2371 ex
739 2333 848 2391 magno
867 2315 950 2373 venit
973 2315 1080 2373 affectu

66 2403 253 2463 incredibilia
275 2405 324 2462 val
350 2404 508 2478 profutura
534 2405 711 2479 temptasse,
739 2405 769 2462 et
791 2404 823 2461 in
850 2423 882 2463 re
909 2422 985 2478 quae
1011 2404 1079 2478 plus

22 2514 51 2554 ss
66 2492 102 2551 de
125 2495 238 2552 incerto
261 2492 365 2566 habet,
389 2495 542 2551 temeritas
565 2494 760 2568 experimenti
782 2493 878 2551 solam
899 2491 1008 2567 probat
1031 2492 1080 2550 de·

66 2582 244 2657 sperationis
277 2580 441 2640 audaciam.
488 2581 560 2656 quid
591 2582 683 2640 refert
714 2581 798 2640 cuius
831 2582 871 2639 sit
900 2580 1079 2639 condicionis

59 2689 163 2749 aeger,
191 2673 336 2746 quantum
364 2671 460 2729 adhuc
483 2670 559 2746 spei,
583 2672 728 2745 quantum
751 2670 888 2728 videatur
912 2669 1020 2727 habere
1044 2669 1079 2728 dc

65 2758 150 2820 vita?
195 2761 376 2818 sacrosancti
399 2759 460 2818 sint
487 2762 645 2835 parentum
672 2761 776 2818 metus.
823 2759 865 2816 dii
887 2777 948 2816 non
970 2758 1079 2832 sinant,

139 2965 511 3035 llongua(oicras.)s1
584 2963 769 3018 afaenerum
791 2972 812 3014 V
885 2963 1016 3032 clangore
1035 2976 1078 3027 sy:

64 3071 203 3141 plangore
221 3084 271 3139 cu3
294 3071 408 3141 ploratu
428 3082 443 3123 s
515 3076 531 3124 5
554 3071 697 3124 redeuntis
716 3080 744 3124 Β
815 3051 974 3124 fodideret
991 3079 1012 3121 V

66 3143 187 3197 Sdatur
206 3155 241 3208 so
311 3149 342 3196 11
363 3144 539 3197 concesserat
560 3151 581 3194 V
650 3147 683 3196 13
702 3142 817 3196 nostris:
835 3142 893 3195 ritis
915 3151 937 3193 V
987 3141 1077 3195 sedet:

65 3215 117 3269 sed
135 3226 159 3267 J
216 3221 249 3268 14
267 3213 400 3268 vitalibus
418 3213 521 3267 nostris
540 3213 698 3267 enarrabile
716 3223 750 3280 B,
770 3213 872 3267 nostris
888 3213 937 3267 dcl.
957 3217 983 3266 et
1000 3212 1030 3265 in
1048 3214 1079 3266 io

65 3339 151 3392 scarp.
171 3322 268 3376 oddo
354 3326 386 3374 15
410 3285 663 3390 indeprehensibile
686 3329 707 3372 V
792 3319 822 3372 in
847 3336 897 3372 nos
923 3318 1080 3373 dubitanter

66 3429 144 3484 Desa.
201 3432 233 3481 17
253 3443 308 3497 que
322 3437 410 3482 osz
459 3433 492 3480 23
512 3429 648 3481 servasset
666 3436 696 3494 V3
715 3408 852 3481 servasses
872 3435 899 3477 Ρ
915 3428 938 3495 (s
958 3441 1034 3493 supr.
1048 3427 1078 3494 p)

66 3505 101 3553 24
119 3501 149 3552 in
167 3515 197 3553 re
215 3500 247 3552 irs
265 3501 367 3555 lacuna
385 3504 402 3552 4
420 3498 461 3552 cel
480 3501 497 3552 5
515 3499 566 3552 litt.
586 3514 635 3553 om.
653 3508 680 3550 Ρ
750 3505 783 3552 25
807 3499 914 3552 incerto
934 3507 966 3563 Ρ,
990 3495 1040 3549 del.
1058 3519 1080 3558 ρ

65 3577 92 3625 ct
108 3587 183 3640 seps.
203 3570 302 3624 merito
376 3569 539 3624 arridetur
560 3579 582 3621 V
650 3574 684 3622 28
704 3570 800 3624 sinunt
818 3585 851 3624 cs
869 3568 967 3620 sinant
986 3577 1012 3619 R
