2430 3952
450 186 690 246 castanasio·
702 188 741 244 Ill
755 194 832 247 8-6.
1099 192 1142 256 45

130 359 263 435 imperio,
285 374 319 418 ec
345 376 438 436 prope
466 361 590 418 exitium
613 360 730 434 attulit,
758 361 958 436 apparuitque
979 376 1143 437 numquam

127 448 242 524 populo
270 447 404 507 Romano
433 448 470 506 ad
496 448 730 525 propulsandam
754 450 919 524 perniciem
945 452 1041 528 magis
1069 452 1141 508 viris

132 555 206 613 opus
234 537 334 596 tussa.
378 539 481 613 itaque
508 556 576 597 cam
595 539 757 614 appareret
778 538 878 596 soluta
905 539 1032 600 militiae
1051 539 1142 598 disei-

130 627 219 702 plina
242 628 274 684 et
298 643 360 684 non
385 627 532 685 minorem
558 626 643 686 nobis
670 644 803 704 pugnam
827 645 897 686 cum
923 627 1056 686 moribus
1079 646 1142 686 esse

106 734 223 791 squam
248 732 318 773 cum
344 714 493 790 hostibus,
523 714 562 772 ad
587 717 721 789 unicum,
751 713 783 773 C.
804 715 897 791 Mari,
924 735 993 775 cum
1020 718 1143 775 virtutis

132 805 212 877 aaa,
229 806 294 861 tum
315 805 484 863 sanctitatis
503 805 730 880 severitatisque
746 805 929 881 praesidium
948 806 1143 883 confugimus.

200 892 240 950 at
266 893 446 952 mehercules
472 892 654 952 festinarunt
679 896 817 968 parentes
840 893 879 951 ad
902 911 1009 954 nomen
1034 894 1142 953 liberos
1161 897 1179 951 5

131 983 266 1056 mittere,
290 984 425 1057 quamuis
447 984 611 1058 asperrimo
638 982 731 1057 bello,
753 983 837 1042 velut
859 985 1044 1043 occasionum
1066 1001 1144 1042 oom-

130 1071 226 1146 plexi‚
258 1073 293 1128 ut
320 1070 374 1129 sub
400 1074 431 1130 te
458 1088 566 1146 ponere
597 1071 765 1130 rudimenta
796 1071 925 1130 militiae
950 1073 1144 1150 contingeret,

90 1179 119 1219 10
134 1178 251 1218 cernere
274 1159 383 1218 cotidie
408 1159 529 1219 divinae
551 1159 673 1219 uirtutis
701 1161 881 1236 exemplum,
904 1164 935 1220 te
962 1163 1145 1221 hortatorem

133 1267 258 1324 operum
279 1248 396 1323 habere,
419 1251 449 1306 te
472 1252 587 1308 testem.
624 1252 658 1308 et
678 1268 747 1308 cum
769 1250 842 1308 haec
865 1252 1028 1308 communis
1052 1251 1145 1308 totius

134 1339 278 1396 exercitus
300 1340 378 1396 esset
400 1338 542 1413 felicitas,
564 1337 624 1395 dux
645 1338 773 1412 Marius,
798 1341 900 1397 tamen
924 1368 966 1380 -
990 1359 1007 1398 o
1029 1339 1144 1398 facinus

132 1426 302 1502 indignuml
326 1428 459 1502 —plus
490 1427 613 1503 reliquis
646 1427 796 1486 consecuti
828 1426 1005 1486 videbantur
1038 1428 1144 1503 quibus

134 1514 271 1573 tribunus
292 1516 460 1592 contigerat
482 1518 666 1592 propinquus
688 1518 766 1574 tuus.
808 1517 922 1591 quanta
944 1534 1016 1574 cura
1038 1517 1146 1575 robora

94 1623 120 1664 15
135 1604 265 1662 militum
296 1605 416 1680 legaris,
448 1605 618 1680 imperator,
650 1607 685 1662 ut
715 1604 849 1664 hostibus
877 1623 972 1680 prope
1000 1605 1145 1664 humanas

134 1695 213 1751 vires
242 1693 448 1752 excedentibus
477 1710 639 1769 opponeres
667 1712 770 1769 parem
797 1693 951 1768 dilectum,
974 1694 1023 1753 vel
1049 1713 1086 1753 ex
1111 1712 1145 1751 oo

133 1783 327 1841 manifestum
354 1784 400 1841 est
428 1783 507 1857 quod
530 1801 602 1842 >cum
629 1783 718 1842 scires
741 1801 800 1841 non
818 1800 858 1840 ex
886 1800 976 1841 censu
999 1800 1064 1842 esse
1086 1785 1145 1840 vir·

133 1873 239 1944 tertam,
261 1872 425 1946 praeterita
443 1871 636 1930 facultatium
655 1872 904 1948 contemplatione
922 1874 999 1930 viras
1019 1873 1146 1931 animos-

132 1979 192 2034 que
216 1962 336 2018 tantum
358 1961 508 2036 spectasti.
554 1960 626 2037 qnid
655 1959 808 2038 protest?¹
824 1978 861 2018 en
883 1963 997 2036 quanta
1022 1961 1147 2020 dilectui

95 2069 122 2108 ro
135 2052 188 2107 tuo
214 2048 251 2106 fit
279 2047 414 2107 inuidia?
443 2049 550 2108 dicaris
580 2049 740 2109 adversmn
768 2049 901 2108 Gimbros
928 2068 1052 2125 puerum
1079 2068 1146 2126 pro-

136 2138 229 2196 basse.
277 2137 328 2196 sed
348 2155 444 2213 neque
467 2141 497 2197 ta
525 2138 666 2197 militaris
693 2141 776 2197 aetas
798 2138 907 2197 fefellit
934 2139 1017 2198 cuius
1046 2140 1146 2197 certis·

136 2226 212 2286 sima
234 2242 373 2286 mensura
394 2229 441 2286 est
461 2245 549 2302 posse
572 2227 692 2286 fortiter
712 2228 817 2286 facere.

202 2316 307 2390 Neque
333 2315 386 2373 illa
413 2316 506 2374 libido
533 2317 593 2375 fuit
619 2316 725 2376 saltem
752 2316 834 2376 vitiis
862 2319 975 2375 usitata
1003 2335 1079 2391 quae
1105 2316 1182 2374 aaa

137 2404 277 2463 obscenos
299 2403 423 2463 Veneris
446 2405 573 2480 impetus
596 2404 708 2464 formae
733 2406 870 2481 cupidi-ne
891 2405 1071 2479 incenditur,
1095 2406 1146 2464 sed

210 2520 361 2624 limpario
380 2566 407 2609 Β
477 2554 583 2638 exsioiu
605 2564 627 2608 V
648 2627 653 2638 ι
694 2525 799 2610 acl-tulit
816 2567 844 2610 Β
915 2557 1081 2625 aperuitque
1099 2566 1151 2609 BV

139 2631 155 2678 3
175 2630 305 2695 apareret
317 2636 345 2679 Β
416 2633 432 2680 4
450 2643 597 2681 mmoram:
616 2644 708 2681 mmor
726 2636 799 2694 Ββγς
818 2629 926 2682 minore
941 2639 981 2694 113
999 2629 1091 2680 minor
1105 2630 1148 2681 est

137 2706 163 2822 ll
179 2714 329 2822 seitpqgan
338 2702 887 2838 ngeveritegtiesq'ubzessgssitgtl'sssgslemllq
897 2697 1042 2824 crueritgti?
1054 2716 1110 2823 ἔφη’
1131 2710 1142 2750 1

139 2839 321 2958 'lmehemulis
338 2876 581 2943 113-rnehe1eulis
602 2885 625 2928 v
710 2881 743 2930 10
762 2865 886 2942 cerneret
908 2887 930 2930 V
1011 2882 1043 2931 11
1063 2865 1151 2930 ΗΒ]

139 3006 172 3053 12
192 2963 287 3054 felictlas
305 3009 333 3053 Ι
387 3006 419 3055 13
438 3000 554 3068 reliquis
572 3022 600 3063 y:
619 2999 722 3068 reliqui
740 3022 763 3053 ω
782 3003 819 3070 (Β
836 3019 869 3055 coc
886 3001 1018 3070 relinqui)
1072 3001 1148 3054 vide-

137 3070 208 3124 bant
221 3081 242 3123 V
291 3078 327 3125 14
340 3071 516 3125 tribuniano
559 3071 718 3140 contigerat
731 3089 764 3126 ac
773 3073 957 3143 -tingeratm
972 3071 1148 3141 contingerat

139 3151 171 3195 Ι
231 3147 265 3195 15
284 3141 404 3197 militem
422 3153 450 3196 Β
512 3143 658 3212 inperator
674 3153 704 3196 Β
763 3160 889 3213 propone
908 3153 945 3210 Β,
964 3161 1032 3199 corr.
1046 3165 1078 3196 m

139 3219 173 3266 16
193 3213 332 3267 delectum
350 3223 385 3268 Μ
452 3219 484 3267 18
503 3214 656 3282 praeterita
674 3212 842 3268 facultatum
861 3215 1097 3284 contemplatione
1116 3232 1149 3268 ea

139 3284 322 3353 praeteritum
340 3283 520 3339 facultatium
534 3284 798 3355 contemplationem
812 3295 840 3338 Β
892 3285 1060 3340 facultatum
1078 3298 1116 3348 γε

135 3360 200 3423 post
212 3354 391 3409 facultatium
405 3356 469 3410 add.
485 3356 615 3424 estquod
631 3366 663 3423 Ρ,
678 3357 728 3411 del.
743 3374 816 3412 maa.
832 3361 850 3410 3
904 3362 937 3410 19
957 3357 1111 3426 expectasti
1126 3379 1148 3408 ω

140 3427 184 3494 (co
202 3427 356 3495 expectatis
374 3435 412 3495 Β,
428 3428 475 3480 vel
492 3427 624 3495 expetisti
642 3445 716 3497 supr.
732 3430 773 3497 m)
827 3444 874 3481 an:
889 3431 923 3483 et
942 3439 968 3481 Ρ
1027 3428 1148 3481 delectui

141 3505 173 3549 Β
250 3503 285 3551 ab
304 3499 463 3552 aduersum:
483 3499 614 3552 adversus
633 3508 686 3552 m
760 3497 875 3553 Cinbros
894 3508 922 3552 Ι
1006 3505 1039 3553 21
1059 3501 1099 3552 te:
1116 3515 1148 3552 re

140 3577 220 3635 Βνσᾎ
238 3571 266 3622 te
281 3575 346 3638 post
364 3572 442 3623 aetas
461 3571 566 3624 exbibet
582 3578 614 3623 Β
