2430 3952
425 182 659 239 DECLAMATIO
677 183 703 236 H
718 188 830 237 16-18.
1091 183 1133 249 35

123 353 231 412 vulnus
259 353 299 412 sit
326 371 442 411 neeesse
470 356 515 412 est
542 354 625 411 euius
653 352 798 429 impetum
825 371 884 411 non
910 351 1014 430 regitis
1043 347 1135 428 oeuli'3

123 461 177 502 neo
199 444 295 518 possis
319 441 467 500 custodire
486 441 668 500 destinatum
691 441 769 500 ferro
792 442 898 516 lorum,
922 441 994 499 dum
1016 441 1054 500 ad
1077 442 1134 500 ool·

123 530 276 608 ligandum
312 531 444 590 vulneris
479 531 594 606 pondus
631 530 768 589 dexterae
804 530 899 588 redire
940 530 1133 606 permittitur.

96 687 98 691 .
123 623 224 678 utrum
243 619 347 678 deinde
370 619 487 678 iuvenis
509 622 579 697 post
596 619 705 678 vulnus
723 640 815 677 unum
834 619 975 679 continuo
993 619 1073 695 fugit
1094 651 1132 660 —

98 713 155 769 set
174 709 421 783 quemadmodum
440 710 505 783 seit,
524 727 562 766 an
581 709 695 766 facinus
715 705 898 784 expleverit?
911 739 955 748 -
974 727 1013 765 an
1033 710 1133 783 potius

125 800 275 874 expectat,
301 800 336 856 ut
359 797 394 855 de
417 797 577 872 parricidio
606 797 743 855 cadaveri
771 794 892 855 eredat?
938 815 1002 854 ecoe
1025 797 1134 854 iterum

123 906 177 963 per
200 887 302 945 eadem
320 887 434 944 ineerta
452 886 633 944 redeundum
653 888 706 959 est,
729 887 830 944 omnia
847 903 951 944 rursus
969 885 1133 960 periculose

123 975 300 1051 temptanda
330 975 469 1033 venienti.
515 974 603 1032 fidem
638 976 780 1049 vestram,
817 974 942 1049 iudices,
979 977 1013 1032 ut
1049 973 1134 1032 nobis

122 1065 219 1140 prosit
242 1064 452 1140 argumentum
479 1064 610 1122 oriminis
638 1065 746 1140 nostri,
773 1081 877 1122 oaeous
905 1062 931 1122 si
958 1081 1011 1121 neo
1033 1063 1135 1122 uenire

85 1175 110 1214 ro
124 1172 177 1212 nee
200 1153 310 1213 reverti
328 1153 391 1212 sine
415 1154 541 1228 strepitu
563 1155 671 1228 potest,
694 1172 789 1229 neque
808 1152 850 1212 sio
871 1152 1002 1211 occidere
1025 1152 1134 1228 potuit,

123 1244 157 1301 ut
181 1242 330 1317 deciperet
352 1259 517 1300 novercam.

190 1331 245 1405 Te,
272 1333 303 1388 te
329 1330 385 1388 hoo
412 1330 490 1405 loce,
517 1330 632 1404 mulier,
660 1330 811 1405 interrogo
841 1347 915 1404 quae
942 1333 1006 1388 tarn
1033 1330 1133 1406 gravis
1149 1329 1185 1385 18

124 1419 216 1494 quies,
240 1420 274 1476 ut
296 1421 327 1476 ta
350 1421 514 1477 moratam
537 1419 635 1478 vicina
657 1437 717 1477 non
740 1415 868 1477 excitet?
908 1418 1042 1493 parvulis
1065 1437 1133 1477 noe-

123 1509 200 1566 tium
228 1508 383 1567 turbamur
415 1508 546 1581 offensio,
579 1507 709 1566 excitant
740 1525 793 1565 nos
830 1506 929 1583 exigui
959 1507 1133 1584 plerumque

84 1619 109 1658 15
125 1599 237 1672 motus,
259 1615 316 1655 vox
342 1598 456 1655 ineerta
478 1597 655 1674 longinqua,
683 1599 713 1654 et
736 1594 895 1670 aliquando
923 1594 1021 1671 ipsum
1046 1595 1133 1654 silen-

124 1689 209 1744 tium.
254 1685 374 1744 illorum
400 1704 470 1744 sane
498 1686 582 1743 iuxta
609 1687 640 1744 te
667 1702 804 1761 suprema
833 1703 892 1742 non
921 1684 1031 1743 sentias
1060 1703 1133 1759 quos

124 1776 260 1834 senectus
287 1775 503 1851 languoresque
527 1771 712 1833 dissolvrmt?
756 1773 884 1831 hominis
909 1772 960 1848 qui
984 1773 1062 1831 ferro
1086 1791 1133 1832 oe-

123 1864 242 1938 ciditur‚
260 1864 464 1922 tumultuatur
482 1865 577 1922 exitus
592 1866 623 1921 et
640 1862 745 1922 similis
760 1864 805 1921 est
818 1863 1006 1938 repugnanti,
1040 1860 1132 1937 quid?

123 1953 203 2029 quod
234 1970 351 2012 neeesse
384 1954 429 2010 est
456 1952 538 2010 nulla
570 1969 649 2010 mors
679 1951 841 2027 inquietior
871 1953 911 2010 sit
938 1969 1028 2027 quam
1056 1968 1132 2026 quae

81 2041 227 2102 aestatim
254 2043 318 2100 tota
347 2038 411 2100 est?
456 2060 526 2098 nam
554 2040 633 2116 quod
661 2040 808 2098 dormiens
840 2041 952 2098 occisus
965 2042 1041 2139 'est
1072 2058 1132 2098 non

123 2134 168 2189 est
187 2129 267 2205 quod
286 2130 327 2188 sie
347 2131 519 2205 aestimetis,
541 2132 696 2204 tamquam
713 2128 868 2205 perillam
886 2130 1018 2205 quietem
1036 2129 1132 2187 trans·

121 2220 192 2278 ierit
219 2220 251 2276 in
278 2221 412 2276 mortem.
459 2219 498 2277 sit
525 2217 639 2295 aliquid
666 2236 782 2277 neeesse
810 2220 855 2276 est
886 2217 965 2277 inter
997 2235 1133 2293 soporem

122 2309 306 2383 mortemque
324 2307 463 2381 medium,
485 2326 538 2366 nee
556 2309 656 2383 potest
672 2307 756 2383 iungi
774 2308 860 2364 tanta
878 2306 1044 2380 diversitas,
1063 2325 1132 2364 eum

122 2397 163 2455 sit
186 2414 304 2455 somnus
322 2397 386 2472 ipse
409 2414 478 2472 pars
497 2397 585 2455 vitae.
622 2415 681 2454 non
699 2396 827 2455 multum
845 2395 977 2469 interest,
1001 2397 1132 2469 quietem

79 2508 106 2547 25
122 2488 255 2544 nostram
285 2484 363 2544 ratio
395 2486 475 2544 vitae
507 2487 629 2560 rumpat
661 2503 699 2542 an
730 2483 842 2542 mortis.
897 2484 1047 2542 hominem
1080 2483 1132 2558 qui

122 2575 269 2632 dormiens
293 2573 445 2649 occiditur,
468 2573 533 2648 ipsa
556 2591 636 2631 mors
661 2574 778 2632 excitat.
816 2591 887 2631 sane
909 2591 969 2630 non
991 2571 1132 2630 habuerit

122 2681 290 2739 supremam
308 2681 419 2737 vocem,
441 2662 532 2720 habet
549 2662 652 2738 utique
674 2661 897 2737 palpitationes,
918 2660 1010 2719 habet
1031 2661 1130 2718 motus

121 2754 152 2811 et
176 2752 316 2827 quiequid
338 2754 419 2811 totus
442 2752 569 2811 laetalus
593 2751 675 2810 seiat.
721 2753 752 2808 et
774 2750 906 2825 quando,
928 2749 1044 2823 mulier,
1067 2749 1130 2807 seni

120 2845 173 2901 tuo
196 2840 334 2899 blandius
357 2840 494 2916 inplicita
516 2837 659 2898 iacuisti?
696 2839 785 2898 sicine
810 2837 919 2897 dormis
943 2857 1019 2914 quae
1042 2837 1129 2897 modo

193 3047 337 3116 lregitis:
356 3045 454 3115 registi
476 3055 497 3097 V
564 3044 712 3128 4eotinuo
734 3054 756 3097 V
824 3043 1028 3097 Svenienienti
1047 3051 1079 3094 M

121 3136 218 3225 avitis
236 3171 277 3241 (ni
295 3188 369 3240 supr.
384 3173 424 3240 m)
439 3179 471 3224 M
551 3177 582 3224 11
603 3132 711 3238 adiere
729 3178 757 3221 Β
837 3172 869 3221 13
888 3155 981 3222 vicina
998 3176 1026 3220 Β
1083 3182 1128 3220 ex-

121 3278 233 3331 eitats
305 3283 339 3331 14
362 3259 554 3330 turbamdlB
625 3280 657 3329 15
681 3276 784 3328 motus:
808 3276 914 3327 mortus
935 3284 963 3327 Β
1033 3277 1065 3326 18
1084 3274 1128 3326 tu-

93 3370 97 3378 ·
119 3348 256 3402 multatur
272 3358 325 3403 BV
391 3347 576 3418 repugnantis
596 3356 628 3399 M
696 3352 729 3399 22
754 3346 802 3400 sit:
828 3346 867 3398 sio
886 3355 929 3408 Py
1000 3349 1034 3397 24
1055 3344 1127 3413 ipse:

120 3422 199 3488 ipsae
216 3429 244 3473 Β
314 3420 442 3473 interest:
462 3420 505 3472 est
523 3418 596 3472 inter
614 3427 638 3470 1
707 3422 740 3470 25
759 3419 883 3486 rumpat:
904 3416 1033 3484 erumpat
1046 3423 1078 3468 M

121 3496 155 3544 28
182 3491 252 3546 seni:
283 3491 346 3545 sinu
370 3500 398 3544 Β
500 3489 559 3544 seni
589 3490 638 3542 tuo
667 3487 812 3542 blandius:
844 3488 867 3540 si
897 3489 967 3541 nutu
996 3485 1128 3539 blandius

121 3564 198 3632 (corr.
243 3565 253 3633 )
273 3570 305 3615 M

940 3645 974 3698 Q*
