<?xml version="1.0" encoding="UTF-8"?>
<!DOCTYPE html PUBLIC "-//W3C//DTD XHTML 1.0 Transitional//EN"
    "http://www.w3.org/TR/xhtml1/DTD/xhtml1-transitional.dtd">
<html xmlns="http://www.w3.org/1999/xhtml" xml:lang="en" lang="en">
 <head>
  <title>
</title>
<meta http-equiv="Content-Type" content="text/html;charset=utf-8" />
  <meta name='ocr-system' content='tesseract 3.04.00' />
  <meta name='ocr-capabilities' content='ocr_page ocr_carea ocr_par ocr_line ocrx_word'/>
</head>
<body>
  <div class='ocr_page' id='page_1' title='image "./qvintilianiqvae00quingoog_0434.png"; bbox 0 0 2430 3952; ppageno 0'>
   <div class='ocr_carea' id='block_1_1' title="bbox 122 195 821 260">
    <p class='ocr_par' dir='ltr' id='par_1_1' title="bbox 122 195 821 260">
     <span class='ocr_line' id='line_1_1' title="bbox 122 195 821 260; baseline -0.017 1"><span class='ocrx_word' id='word_1_1' title='bbox 122 196 188 260; x_wconf 84' lang='lat'>394</span> <span class='ocrx_word' id='word_1_2' title='bbox 434 195 627 250; x_wconf 79' lang='lat' dir='ltr'>EXOERPTA</span> <span class='ocrx_word' id='word_1_3' title='bbox 643 196 821 251; x_wconf 83' lang='lat' dir='ltr'><strong><em>PARISINA.</em></strong></span> 
     </span>
    </p>
   </div>
   <div class='ocr_carea' id='block_1_2' title="bbox 113 364 1180 2133">
    <p class='ocr_par' dir='ltr' id='par_1_2' title="bbox 113 364 1180 2133">
     <span class='ocr_line' id='line_1_2' title="bbox 120 364 1140 443; baseline 0.004 -20"><span class='ocrx_word' id='word_1_4' title='bbox 120 368 183 424; x_wconf 85' lang='lat' dir='ltr'>eius</span> <span class='ocrx_word' id='word_1_5' title='bbox 198 364 325 423; x_wconf 88' lang='lat' dir='ltr'>salvatio</span> <span class='ocrx_word' id='word_1_6' title='bbox 345 365 384 422; x_wconf 85' lang='lat' dir='ltr'>ad</span> <span class='ocrx_word' id='word_1_7' title='bbox 401 365 565 440; x_wconf 85' lang='lat' dir='ltr'>parricidas</span> <span class='ocrx_word' id='word_1_8' title='bbox 585 365 748 425; x_wconf 85' lang='lat' dir='ltr'>defluxerit.</span> <span class='ocrx_word' id='word_1_9' title='bbox 794 366 917 429; x_wconf 76' lang='lat' dir='ltr'>P.,dum</span> <span class='ocrx_word' id='word_1_10' title='bbox 936 368 1012 425; x_wconf 90' lang='lat' dir='ltr'>mori</span> <span class='ocrx_word' id='word_1_11' title='bbox 1027 369 1140 443; x_wconf 84' lang='lat' dir='ltr'>mavis,</span> 
     </span>
     <span class='ocr_line' id='line_1_3' title="bbox 118 454 1140 533; baseline 0.005 -21"><span class='ocrx_word' id='word_1_12' title='bbox 118 454 300 531; x_wconf 75' lang='lat' dir='ltr'>probitatem</span> <span class='ocrx_word' id='word_1_13' title='bbox 331 454 443 528; x_wconf 82' lang='lat' dir='ltr'>salvas,</span> <span class='ocrx_word' id='word_1_14' title='bbox 476 454 546 512; x_wconf 95' lang='lat' dir='ltr'>dum</span> <span class='ocrx_word' id='word_1_15' title='bbox 578 458 697 515; x_wconf 89' lang='lat' dir='ltr'>senatus</span> <span class='ocrx_word' id='word_1_16' title='bbox 730 456 810 530; x_wconf 90' lang='lat' dir='ltr'>quod</span> <span class='ocrx_word' id='word_1_17' title='bbox 842 475 927 515; x_wconf 90' lang='lat' dir='ltr'>suum</span> <span class='ocrx_word' id='word_1_18' title='bbox 960 459 1016 531; x_wconf 81' lang='lat' dir='ltr'>est,</span> <span class='ocrx_word' id='word_1_19' title='bbox 1050 458 1140 533; x_wconf 87' lang='lat' dir='ltr'>facit,</span> 
     </span>
     <span class='ocr_line' id='line_1_4' title="bbox 119 543 1140 621; baseline 0.001 -19"><span class='ocrx_word' id='word_1_20' title='bbox 119 543 312 618; x_wconf 84' lang='lat' dir='ltr'>opprobrium</span> <span class='ocrx_word' id='word_1_21' title='bbox 337 562 396 601; x_wconf 92' lang='lat' dir='ltr'>non</span> <span class='ocrx_word' id='word_1_22' title='bbox 414 543 547 602; x_wconf 73' lang='lat' dir='ltr'>incurrit.</span> <span class='ocrx_word' id='word_1_23' title='bbox 599 545 632 603; x_wconf 98' lang='lat' dir='ltr'>V.</span> <span class='ocrx_word' id='word_1_24' title='bbox 651 546 753 602; x_wconf 90' lang='lat' dir='ltr'>utrum</span> <span class='ocrx_word' id='word_1_25' title='bbox 770 564 808 603; x_wconf 92' lang='lat' dir='ltr'>ne</span> <span class='ocrx_word' id='word_1_26' title='bbox 831 547 930 603; x_wconf 86' lang='lat' dir='ltr'>vivere</span> <span class='ocrx_word' id='word_1_27' title='bbox 953 545 1062 604; x_wconf 85' lang='lat' dir='ltr'>debeat</span> <span class='ocrx_word' id='word_1_28' title='bbox 1081 549 1140 621; x_wconf 89' lang='lat' dir='ltr'>qui</span> 
     </span>
     <span class='ocr_line' id='line_1_5' title="bbox 118 629 1141 710; baseline 0.003 -20"><span class='ocrx_word' id='word_1_29' title='bbox 118 633 201 691; x_wconf 84' lang='lat' dir='ltr'>nasci</span> <span class='ocrx_word' id='word_1_30' title='bbox 222 652 283 690; x_wconf 92' lang='lat' dir='ltr'>non</span> <span class='ocrx_word' id='word_1_31' title='bbox 310 629 434 690; x_wconf 77' lang='lat' dir='ltr'>debuit?</span> <span class='ocrx_word' id='word_1_32' title='bbox 477 633 511 690; x_wconf 89' lang='lat' dir='ltr'>P.</span> <span class='ocrx_word' id='word_1_33' title='bbox 535 633 636 690; x_wconf 90' lang='lat' dir='ltr'>utrum</span> <span class='ocrx_word' id='word_1_34' title='bbox 658 653 695 690; x_wconf 90' lang='lat' dir='ltr'>ne</span> <span class='ocrx_word' id='word_1_35' title='bbox 718 635 796 691; x_wconf 89' lang='lat' dir='ltr'>mori</span> <span class='ocrx_word' id='word_1_36' title='bbox 819 633 937 708; x_wconf 82' lang='lat' dir='ltr'>debeat,</span> <span class='ocrx_word' id='word_1_37' title='bbox 967 653 1020 708; x_wconf 91' lang='lat' dir='ltr'>per</span> <span class='ocrx_word' id='word_1_38' title='bbox 1045 654 1141 710; x_wconf 92' lang='lat' dir='ltr'>quem</span> 
     </span>
     <span class='ocr_line' id='line_1_6' title="bbox 117 718 1180 798; baseline 0.002 -18"><span class='ocrx_word' id='word_1_39' title='bbox 117 722 213 780; x_wconf 76' lang='lat' dir='ltr'>virtus</span> <span class='ocrx_word' id='word_1_40' title='bbox 244 718 342 780; x_wconf 76' lang='lat' dir='ltr'>vivit?</span> <span class='ocrx_word' id='word_1_41' title='bbox 399 721 432 779; x_wconf 90' lang='lat' dir='ltr'>V.</span> <span class='ocrx_word' id='word_1_42' title='bbox 457 721 603 794; x_wconf 91' lang='lat' dir='ltr'>quomodo</span> <span class='ocrx_word' id='word_1_43' title='bbox 633 740 700 780; x_wconf 90' lang='lat' dir='ltr'>mea</span> <span class='ocrx_word' id='word_1_44' title='bbox 733 723 797 781; x_wconf 88' lang='lat' dir='ltr'>vita</span> <span class='ocrx_word' id='word_1_45' title='bbox 828 722 960 780; x_wconf 87' lang='lat' dir='ltr'>ducenda</span> <span class='ocrx_word' id='word_1_46' title='bbox 990 724 1043 798; x_wconf 87' lang='lat' dir='ltr'>sit,</span> <span class='ocrx_word' id='word_1_47' title='bbox 1074 744 1140 784; x_wconf 92' lang='lat' dir='ltr'>non</span> <span class='ocrx_word' id='word_1_48' title='bbox 1169 751 1180 790; x_wconf 77' lang='lat'><strong>5</strong></span> 
     </span>
     <span class='ocr_line' id='line_1_7' title="bbox 117 809 1139 887; baseline 0.001 -18"><span class='ocrx_word' id='word_1_49' title='bbox 117 811 211 869; x_wconf 85' lang='lat' dir='ltr'>video.</span> <span class='ocrx_word' id='word_1_50' title='bbox 264 809 395 868; x_wconf 88' lang='lat' dir='ltr'>membra</span> <span class='ocrx_word' id='word_1_51' title='bbox 424 827 491 866; x_wconf 85' lang='lat' dir='ltr'>mea</span> <span class='ocrx_word' id='word_1_52' title='bbox 521 812 657 884; x_wconf 86' lang='lat' dir='ltr'>suspecta</span> <span class='ocrx_word' id='word_1_53' title='bbox 685 811 794 887; x_wconf 81' lang='lat' dir='ltr'>habe03</span> <span class='ocrx_word' id='word_1_54' title='bbox 828 831 874 870; x_wconf 97' lang='lat' dir='ltr'>me</span> <span class='ocrx_word' id='word_1_55' title='bbox 903 814 1001 887; x_wconf 89' lang='lat' dir='ltr'>ipsum</span> <span class='ocrx_word' id='word_1_56' title='bbox 1031 813 1139 872; x_wconf 89' lang='lat' dir='ltr'>timeo.</span> 
     </span>
     <span class='ocr_line' id='line_1_8' title="bbox 117 897 1140 977; baseline 0.004 -20"><span class='ocrx_word' id='word_1_57' title='bbox 117 919 177 958; x_wconf 86' lang='lat' dir='ltr'>ram</span> <span class='ocrx_word' id='word_1_58' title='bbox 200 899 273 957; x_wconf 92' lang='lat' dir='ltr'>mihi</span> <span class='ocrx_word' id='word_1_59' title='bbox 297 897 361 957; x_wconf 87' lang='lat' dir='ltr'>vita</span> <span class='ocrx_word' id='word_1_60' title='bbox 383 917 463 956; x_wconf 92' lang='lat' dir='ltr'>mors</span> <span class='ocrx_word' id='word_1_61' title='bbox 487 900 539 959; x_wconf 84' lang='lat' dir='ltr'>eat.</span> <span class='ocrx_word' id='word_1_62' title='bbox 584 900 617 957; x_wconf 89' lang='lat' dir='ltr'>P.</span> <span class='ocrx_word' id='word_1_63' title='bbox 641 899 692 974; x_wconf 87' lang='lat' dir='ltr'>sic,</span> <span class='ocrx_word' id='word_1_64' title='bbox 715 901 757 958; x_wconf 84' lang='lat' dir='ltr'>aio</span> <span class='ocrx_word' id='word_1_65' title='bbox 780 900 872 959; x_wconf 89' lang='lat' dir='ltr'>etiam</span> <span class='ocrx_word' id='word_1_66' title='bbox 894 900 1056 959; x_wconf 85' lang='lat' dir='ltr'>vivendum</span> <span class='ocrx_word' id='word_1_67' title='bbox 1080 906 1140 977; x_wconf 86' lang='lat' dir='ltr'>est,</span> 
     </span>
     <span class='ocr_line' id='line_1_9' title="bbox 117 986 1139 1067; baseline 0.005 -21"><span class='ocrx_word' id='word_1_68' title='bbox 117 992 152 1046; x_wconf 92' lang='lat' dir='ltr'>ut</span> <span class='ocrx_word' id='word_1_69' title='bbox 174 1007 228 1064; x_wconf 93' lang='lat' dir='ltr'>pro</span> <span class='ocrx_word' id='word_1_70' title='bbox 255 986 407 1062; x_wconf 80' lang='lat' dir='ltr'>republica</span> <span class='ocrx_word' id='word_1_71' title='bbox 434 987 586 1046; x_wconf 88' lang='lat' dir='ltr'>moriendo</span> <span class='ocrx_word' id='word_1_72' title='bbox 614 990 707 1047; x_wconf 86' lang='lat' dir='ltr'>vivas.</span> <span class='ocrx_word' id='word_1_73' title='bbox 758 991 790 1049; x_wconf 90' lang='lat' dir='ltr'><strong><em>V</em></strong></span> <span class='ocrx_word' id='word_1_74' title='bbox 815 1008 832 1048; x_wconf 95' lang='lat' dir='ltr'>o</span> <span class='ocrx_word' id='word_1_75' title='bbox 856 991 1001 1064; x_wconf 90' lang='lat' dir='ltr'>quantum</span> <span class='ocrx_word' id='word_1_76' title='bbox 1028 992 1139 1067; x_wconf 67' lang='lat' dir='ltr'>scelus</span> 
     </span>
     <span class='ocr_line' id='line_1_10' title="bbox 116 1072 1139 1154; baseline 0.003 -18"><span class='ocrx_word' id='word_1_77' title='bbox 116 1081 152 1136; x_wconf 91' lang='lat' dir='ltr'>ut</span> <span class='ocrx_word' id='word_1_78' title='bbox 174 1079 260 1152; x_wconf 88' lang='lat' dir='ltr'>pater</span> <span class='ocrx_word' id='word_1_79' title='bbox 283 1077 373 1135; x_wconf 86' lang='lat' dir='ltr'>etiam</span> <span class='ocrx_word' id='word_1_80' title='bbox 397 1078 532 1152; x_wconf 88' lang='lat' dir='ltr'>suspecto</span> <span class='ocrx_word' id='word_1_81' title='bbox 550 1079 615 1135; x_wconf 90' lang='lat' dir='ltr'>tam</span> <span class='ocrx_word' id='word_1_82' title='bbox 633 1081 737 1154; x_wconf 82' lang='lat' dir='ltr'>gratus</span> <span class='ocrx_word' id='word_1_83' title='bbox 760 1077 822 1136; x_wconf 86' lang='lat' dir='ltr'>filio</span> <span class='ocrx_word' id='word_1_84' title='bbox 846 1078 883 1137; x_wconf 90' lang='lat' dir='ltr'>ab</span> <span class='ocrx_word' id='word_1_85' title='bbox 903 1097 936 1135; x_wconf 91' lang='lat' dir='ltr'>eo</span> <span class='ocrx_word' id='word_1_86' title='bbox 957 1072 1050 1152; x_wconf 80' lang='lat' dir='ltr'>‘quem</span> <span class='ocrx_word' id='word_1_87' title='bbox 1073 1097 1139 1139; x_wconf 90' lang='lat' dir='ltr'>ser-</span> 
     </span>
     <span class='ocr_line' id='line_1_11' title="bbox 116 1165 1179 1243; baseline 0.001 -18"><span class='ocrx_word' id='word_1_88' title='bbox 116 1170 178 1241; x_wconf 85' lang='lat' dir='ltr'>vat,</span> <span class='ocrx_word' id='word_1_89' title='bbox 200 1165 377 1241; x_wconf 82' lang='lat' dir='ltr'>perimaturl</span> <span class='ocrx_word' id='word_1_90' title='bbox 418 1167 451 1223; x_wconf 90' lang='lat' dir='ltr'>P.</span> <span class='ocrx_word' id='word_1_91' title='bbox 475 1185 492 1224; x_wconf 94' lang='lat' dir='ltr'>o</span> <span class='ocrx_word' id='word_1_92' title='bbox 517 1168 629 1240; x_wconf 88' lang='lat' dir='ltr'>quanto</span> <span class='ocrx_word' id='word_1_93' title='bbox 647 1168 752 1241; x_wconf 88' lang='lat' dir='ltr'>maius,</span> <span class='ocrx_word' id='word_1_94' title='bbox 776 1171 811 1225; x_wconf 88' lang='lat' dir='ltr'>ut</span> <span class='ocrx_word' id='word_1_95' title='bbox 830 1168 945 1226; x_wconf 82' lang='lat' dir='ltr'>iuvenis</span> <span class='ocrx_word' id='word_1_96' title='bbox 968 1169 1015 1226; x_wconf 89' lang='lat' dir='ltr'>tot</span> <span class='ocrx_word' id='word_1_97' title='bbox 1038 1168 1179 1243; x_wconf 78' lang='lat' dir='ltr'>patri-10</span> 
     </span>
     <span class='ocr_line' id='line_1_12' title="bbox 116 1254 1139 1334; baseline 0.005 -22"><span class='ocrx_word' id='word_1_98' title='bbox 116 1255 171 1313; x_wconf 89' lang='lat' dir='ltr'>bus</span> <span class='ocrx_word' id='word_1_99' title='bbox 194 1256 310 1329; x_wconf 89' lang='lat' dir='ltr'>totique</span> <span class='ocrx_word' id='word_1_100' title='bbox 339 1254 503 1334; x_wconf 67' lang='lat' dir='ltr'>reipublice</span> <span class='ocrx_word' id='word_1_101' title='bbox 533 1256 719 1332; x_wconf 84' lang='lat' dir='ltr'>gratissimus</span> <span class='ocrx_word' id='word_1_102' title='bbox 748 1258 781 1314; x_wconf 91' lang='lat' dir='ltr'>in</span> <span class='ocrx_word' id='word_1_103' title='bbox 809 1258 968 1331; x_wconf 87' lang='lat' dir='ltr'>conspectu</span> <span class='ocrx_word' id='word_1_104' title='bbox 998 1259 1139 1317; x_wconf 89' lang='lat' dir='ltr'>omnium</span> 
     </span>
     <span class='ocr_line' id='line_1_13' title="bbox 116 1343 1139 1420; baseline 0.005 -19"><span class='ocrx_word' id='word_1_105' title='bbox 116 1344 273 1402; x_wconf 87' lang='lat' dir='ltr'>moriatur!</span> <span class='ocrx_word' id='word_1_106' title='bbox 321 1344 353 1402; x_wconf 95' lang='lat' dir='ltr'>V.</span> <span class='ocrx_word' id='word_1_107' title='bbox 373 1343 472 1402; x_wconf 88' lang='lat' dir='ltr'>videte</span> <span class='ocrx_word' id='word_1_108' title='bbox 492 1344 723 1403; x_wconf 86' lang='lat' dir='ltr'>incommodum:</span> <span class='ocrx_word' id='word_1_109' title='bbox 746 1346 772 1403; x_wconf 89' lang='lat' dir='ltr'>si</span> <span class='ocrx_word' id='word_1_110' title='bbox 794 1347 911 1420; x_wconf 87' lang='lat' dir='ltr'>patrem</span> <span class='ocrx_word' id='word_1_111' title='bbox 932 1345 1075 1420; x_wconf 87' lang='lat' dir='ltr'>occidero,</span> <span class='ocrx_word' id='word_1_112' title='bbox 1101 1351 1139 1406; x_wconf 94' lang='lat' dir='ltr'>ut</span> 
     </span>
     <span class='ocr_line' id='line_1_14' title="bbox 115 1431 1138 1509; baseline 0.004 -19"><span class='ocrx_word' id='word_1_113' title='bbox 115 1435 211 1491; x_wconf 89' lang='lat' dir='ltr'>fatum</span> <span class='ocrx_word' id='word_1_114' title='bbox 230 1432 352 1506; x_wconf 85' lang='lat' dir='ltr'>indicat,</span> <span class='ocrx_word' id='word_1_115' title='bbox 375 1431 476 1490; x_wconf 91' lang='lat' dir='ltr'>dolore</span> <span class='ocrx_word' id='word_1_116' title='bbox 494 1435 592 1492; x_wconf 88' lang='lat' dir='ltr'>motus</span> <span class='ocrx_word' id='word_1_117' title='bbox 614 1433 689 1491; x_wconf 90' lang='lat' dir='ltr'>mihi</span> <span class='ocrx_word' id='word_1_118' title='bbox 706 1452 827 1492; x_wconf 89' lang='lat' dir='ltr'>manum</span> <span class='ocrx_word' id='word_1_119' title='bbox 847 1436 1006 1509; x_wconf 79' lang='lat' dir='ltr'>imponam.</span> <span class='ocrx_word' id='word_1_120' title='bbox 1049 1434 1138 1495; x_wconf 89' lang='lat' dir='ltr'>Peri·</span> 
     </span>
     <span class='ocr_line' id='line_1_15' title="bbox 115 1521 1136 1599; baseline 0.004 -19"><span class='ocrx_word' id='word_1_121' title='bbox 115 1522 160 1580; x_wconf 91' lang='lat' dir='ltr'>bit</span> <span class='ocrx_word' id='word_1_122' title='bbox 187 1523 280 1599; x_wconf 82' lang='lat' dir='ltr'>igitur</span> <span class='ocrx_word' id='word_1_123' title='bbox 307 1525 437 1596; x_wconf 90' lang='lat' dir='ltr'>uterque.</span> <span class='ocrx_word' id='word_1_124' title='bbox 484 1522 579 1581; x_wconf 84' lang='lat' dir='ltr'>levius</span> <span class='ocrx_word' id='word_1_125' title='bbox 608 1541 692 1599; x_wconf 82' lang='lat' dir='ltr'>ergo,</span> <span class='ocrx_word' id='word_1_126' title='bbox 721 1522 753 1580; x_wconf 92' lang='lat' dir='ltr'>P.</span> <span class='ocrx_word' id='word_1_127' title='bbox 774 1521 814 1597; x_wconf 71' lang='lat'>0.</span> <span class='ocrx_word' id='word_1_128' title='bbox 844 1527 879 1582; x_wconf 95' lang='lat' dir='ltr'>ut</span> <span class='ocrx_word' id='word_1_129' title='bbox 901 1525 979 1582; x_wconf 92' lang='lat' dir='ltr'>solus</span> <span class='ocrx_word' id='word_1_130' title='bbox 1008 1525 1136 1584; x_wconf 87' lang='lat' dir='ltr'>moriar.</span> 
     </span>
     <span class='ocr_line' id='line_1_16' title="bbox 114 1609 1176 1686; baseline 0.004 -16"><span class='ocrx_word' id='word_1_131' title='bbox 114 1613 147 1670; x_wconf 94' lang='lat' dir='ltr'>P.</span> <span class='ocrx_word' id='word_1_132' title='bbox 172 1613 211 1670; x_wconf 94' lang='lat' dir='ltr'>sit</span> <span class='ocrx_word' id='word_1_133' title='bbox 234 1630 304 1670; x_wconf 89' lang='lat' dir='ltr'>sane</span> <span class='ocrx_word' id='word_1_134' title='bbox 327 1609 580 1669; x_wconf 89' lang='lat' dir='ltr'>incommodorum</span> <span class='ocrx_word' id='word_1_135' title='bbox 598 1611 785 1686; x_wconf 80' lang='lat' dir='ltr'>examinatio,</span> <span class='ocrx_word' id='word_1_136' title='bbox 810 1614 835 1670; x_wconf 90' lang='lat' dir='ltr'>si</span> <span class='ocrx_word' id='word_1_137' title='bbox 856 1615 1000 1671; x_wconf 89' lang='lat' dir='ltr'>morietur</span> <span class='ocrx_word' id='word_1_138' title='bbox 1022 1613 1076 1671; x_wconf 90' lang='lat' dir='ltr'>ille</span> <span class='ocrx_word' id='word_1_139' title='bbox 1103 1618 1137 1674; x_wconf 89' lang='lat' dir='ltr'>et</span> <span class='ocrx_word' id='word_1_140' title='bbox 1151 1641 1176 1680; x_wconf 55' lang='grc' dir='ltr'>ιδ</span> 
     </span>
     <span class='ocr_line' id='line_1_17' title="bbox 116 1697 1135 1781; baseline 0.002 -21"><span class='ocrx_word' id='word_1_141' title='bbox 116 1720 178 1778; x_wconf 87' lang='lat' dir='ltr'>ego.</span> <span class='ocrx_word' id='word_1_142' title='bbox 222 1700 294 1775; x_wconf 91' lang='lat' dir='ltr'>quid</span> <span class='ocrx_word' id='word_1_143' title='bbox 311 1697 425 1758; x_wconf 79' lang='lat' dir='ltr'>mater?</span> <span class='ocrx_word' id='word_1_144' title='bbox 445 1699 515 1774; x_wconf 91' lang='lat' dir='ltr'>quid</span> <span class='ocrx_word' id='word_1_145' title='bbox 535 1697 670 1759; x_wconf 81' lang='lat' dir='ltr'>sodales?</span> <span class='ocrx_word' id='word_1_146' title='bbox 694 1701 766 1775; x_wconf 91' lang='lat' dir='ltr'>quid</span> <span class='ocrx_word' id='word_1_147' title='bbox 785 1700 864 1774; x_wconf 91' lang='lat' dir='ltr'>quod</span> <span class='ocrx_word' id='word_1_148' title='bbox 882 1701 934 1759; x_wconf 90' lang='lat' dir='ltr'>ille</span> <span class='ocrx_word' id='word_1_149' title='bbox 952 1701 1049 1776; x_wconf 66' lang='lat' dir='ltr'>tortis}</span> <span class='ocrx_word' id='word_1_150' title='bbox 1073 1722 1135 1781; x_wconf 87' lang='lat' dir='ltr'>ego</span> 
     </span>
     <span class='ocr_line' id='line_1_18' title="bbox 115 1786 1136 1867; baseline 0.004 -20"><span class='ocrx_word' id='word_1_151' title='bbox 115 1787 241 1849; x_wconf 82' lang='lat' dir='ltr'>debilis?</span> <span class='ocrx_word' id='word_1_152' title='bbox 263 1789 315 1847; x_wconf 84' lang='lat' dir='ltr'>ille</span> <span class='ocrx_word' id='word_1_153' title='bbox 338 1790 466 1865; x_wconf 82' lang='lat' dir='ltr'>iuvenis,</span> <span class='ocrx_word' id='word_1_154' title='bbox 491 1808 545 1867; x_wconf 83' lang='lat' dir='ltr'>ego</span> <span class='ocrx_word' id='word_1_155' title='bbox 569 1786 676 1848; x_wconf 79' lang='lat' dir='ltr'>senex?</span> <span class='ocrx_word' id='word_1_156' title='bbox 705 1789 757 1848; x_wconf 92' lang='lat' dir='ltr'>ille</span> <span class='ocrx_word' id='word_1_157' title='bbox 779 1789 911 1864; x_wconf 85' lang='lat' dir='ltr'>futurus,</span> <span class='ocrx_word' id='word_1_158' title='bbox 935 1808 988 1866; x_wconf 86' lang='lat' dir='ltr'>ego</span> <span class='ocrx_word' id='word_1_159' title='bbox 1012 1795 1136 1866; x_wconf 89' lang='lat' dir='ltr'>praetc-</span> 
     </span>
     <span class='ocr_line' id='line_1_19' title="bbox 113 1876 1136 1954; baseline 0.004 -17"><span class='ocrx_word' id='word_1_160' title='bbox 113 1876 211 1938; x_wconf 83' lang='lat' dir='ltr'>ritus?</span> <span class='ocrx_word' id='word_1_161' title='bbox 256 1878 322 1953; x_wconf 89' lang='lat' dir='ltr'>quis</span> <span class='ocrx_word' id='word_1_162' title='bbox 345 1879 444 1953; x_wconf 87' lang='lat' dir='ltr'>potius</span> <span class='ocrx_word' id='word_1_163' title='bbox 467 1879 611 1936; x_wconf 83' lang='lat' dir='ltr'>morietur</span> <span class='ocrx_word' id='word_1_164' title='bbox 632 1897 723 1954; x_wconf 89' lang='lat' dir='ltr'>quam</span> <span class='ocrx_word' id='word_1_165' title='bbox 747 1878 798 1952; x_wconf 92' lang='lat' dir='ltr'>qui</span> <span class='ocrx_word' id='word_1_166' title='bbox 820 1880 881 1937; x_wconf 89' lang='lat' dir='ltr'>fere</span> <span class='ocrx_word' id='word_1_167' title='bbox 904 1881 1039 1938; x_wconf 86' lang='lat' dir='ltr'>mortuus</span> <span class='ocrx_word' id='word_1_168' title='bbox 1064 1881 1136 1941; x_wconf 78' lang='lat' dir='ltr'>est?</span> 
     </span>
     <span class='ocr_line' id='line_1_20' title="bbox 115 1966 1135 2045; baseline 0.003 -19"><span class='ocrx_word' id='word_1_169' title='bbox 115 1968 181 2042; x_wconf 90' lang='lat' dir='ltr'>quis</span> <span class='ocrx_word' id='word_1_170' title='bbox 204 1969 335 2026; x_wconf 89' lang='lat' dir='ltr'>sanctius</span> <span class='ocrx_word' id='word_1_171' title='bbox 358 1967 440 2024; x_wconf 83' lang='lat' dir='ltr'>vivet</span> <span class='ocrx_word' id='word_1_172' title='bbox 470 1986 560 2040; x_wconf 91' lang='lat' dir='ltr'>quam</span> <span class='ocrx_word' id='word_1_173' title='bbox 582 1985 635 2041; x_wconf 92' lang='lat' dir='ltr'>per</span> <span class='ocrx_word' id='word_1_174' title='bbox 664 1986 751 2042; x_wconf 90' lang='lat' dir='ltr'>quem</span> <span class='ocrx_word' id='word_1_175' title='bbox 781 1986 881 2026; x_wconf 90' lang='lat' dir='ltr'>omnes</span> <span class='ocrx_word' id='word_1_176' title='bbox 904 1966 1031 2026; x_wconf 76' lang='lat' dir='ltr'>vivimt?</span> <span class='ocrx_word' id='word_1_177' title='bbox 1062 1972 1135 2045; x_wconf 88' lang='lat' dir='ltr'>quis</span> 
     </span>
     <span class='ocr_line' id='line_1_21' title="bbox 114 2054 1174 2133; baseline 0.005 -19"><span class='ocrx_word' id='word_1_178' title='bbox 114 2056 229 2114; x_wconf 85' lang='lat' dir='ltr'>maiora</span> <span class='ocrx_word' id='word_1_179' title='bbox 252 2058 329 2130; x_wconf 83' lang='lat' dir='ltr'>aget,</span> <span class='ocrx_word' id='word_1_180' title='bbox 352 2055 411 2112; x_wconf 89' lang='lat' dir='ltr'>nisi</span> <span class='ocrx_word' id='word_1_181' title='bbox 434 2057 487 2129; x_wconf 89' lang='lat' dir='ltr'>qui</span> <span class='ocrx_word' id='word_1_182' title='bbox 509 2057 639 2113; x_wconf 84' lang='lat' dir='ltr'>maxima</span> <span class='ocrx_word' id='word_1_183' title='bbox 662 2054 743 2133; x_wconf 79' lang='lat' dir='ltr'>egit?</span> <span class='ocrx_word' id='word_1_184' title='bbox 773 2056 810 2114; x_wconf 87' lang='lat' dir='ltr'>ad</span> <span class='ocrx_word' id='word_1_185' title='bbox 833 2076 868 2115; x_wconf 89' lang='lat' dir='ltr'>ea</span> <span class='ocrx_word' id='word_1_186' title='bbox 890 2058 985 2133; x_wconf 84' lang='lat' dir='ltr'>igitur</span> <span class='ocrx_word' id='word_1_187' title='bbox 1007 2077 1133 2119; x_wconf 86' lang='lat' dir='ltr'>servan·</span> <span class='ocrx_word' id='word_1_188' title='bbox 1150 2086 1174 2124; x_wconf 71' lang='lat' dir='ltr'>eo</span> 
     </span>
    </p>
   </div>
   <div class='ocr_carea' id='block_1_3' title="bbox 18 2143 1134 2221">
    <p class='ocr_par' dir='ltr' id='par_1_3' title="bbox 18 2143 1134 2221">
     <span class='ocr_line' id='line_1_22' title="bbox 18 2143 1134 2221; baseline 0.005 -20"><span class='ocrx_word' id='word_1_189' title='bbox 18 2212 20 2217; x_wconf 29' lang='grc' dir='ltr'>Ι</span> <span class='ocrx_word' id='word_1_190' title='bbox 115 2145 170 2202; x_wconf 91' lang='lat' dir='ltr'>dus</span> <span class='ocrx_word' id='word_1_191' title='bbox 195 2147 246 2201; x_wconf 81' lang='lat' dir='ltr'>est.</span> <span class='ocrx_word' id='word_1_192' title='bbox 298 2143 330 2201; x_wconf 89' lang='lat' dir='ltr'>V.</span> <span class='ocrx_word' id='word_1_193' title='bbox 355 2143 440 2217; x_wconf 89' lang='lat' dir='ltr'>atqui</span> <span class='ocrx_word' id='word_1_194' title='bbox 463 2145 617 2204; x_wconf 85' lang='lat' dir='ltr'>maioritas</span> <span class='ocrx_word' id='word_1_195' title='bbox 640 2144 695 2204; x_wconf 89' lang='lat' dir='ltr'>hoc</span> <span class='ocrx_word' id='word_1_196' title='bbox 723 2147 830 2204; x_wconf 91' lang='lat' dir='ltr'>scelere</span> <span class='ocrx_word' id='word_1_197' title='bbox 855 2146 1067 2221; x_wconf 87' lang='lat' dir='ltr'>implicabitur.</span> <span class='ocrx_word' id='word_1_198' title='bbox 1115 2169 1134 2207; x_wconf 85' lang='lat' dir='ltr'>a</span> 
     </span>
    </p>
   </div>
   <div class='ocr_carea' id='block_1_4' title="bbox 113 2232 1134 2310">
    <p class='ocr_par' dir='ltr' id='par_1_4' title="bbox 113 2232 1134 2310">
     <span class='ocr_line' id='line_1_23' title="bbox 113 2232 1134 2310; baseline 0.007 -20"><span class='ocrx_word' id='word_1_199' title='bbox 113 2234 277 2309; x_wconf 84' lang='lat' dir='ltr'>praesagiis</span> <span class='ocrx_word' id='word_1_200' title='bbox 300 2232 376 2288; x_wconf 91' lang='lat' dir='ltr'>nihil</span> <span class='ocrx_word' id='word_1_201' title='bbox 395 2232 503 2308; x_wconf 83' lang='lat' dir='ltr'>exigas,</span> <span class='ocrx_word' id='word_1_202' title='bbox 526 2233 584 2291; x_wconf 93' lang='lat' dir='ltr'>nisi</span> <span class='ocrx_word' id='word_1_203' title='bbox 602 2236 638 2290; x_wconf 92' lang='lat' dir='ltr'>ut</span> <span class='ocrx_word' id='word_1_204' title='bbox 656 2234 692 2292; x_wconf 89' lang='lat' dir='ltr'>de</span> <span class='ocrx_word' id='word_1_205' title='bbox 715 2234 809 2294; x_wconf 91' lang='lat' dir='ltr'>tribus</span> <span class='ocrx_word' id='word_1_206' title='bbox 829 2235 887 2293; x_wconf 93' lang='lat' dir='ltr'>duo</span> <span class='ocrx_word' id='word_1_207' title='bbox 905 2237 1134 2310; x_wconf 79' lang='lat' dir='ltr'>praecesserint.</span> 
     </span>
    </p>
   </div>
   <div class='ocr_carea' id='block_1_5' title="bbox 18 2320 1134 2401">
    <p class='ocr_par' dir='ltr' id='par_1_5' title="bbox 18 2320 1134 2401">
     <span class='ocr_line' id='line_1_24' title="bbox 18 2320 1134 2401; baseline 0.003 -20"><span class='ocrx_word' id='word_1_208' title='bbox 18 2320 21 2337; x_wconf 82' lang='lat'><strong>¹</strong></span> <span class='ocrx_word' id='word_1_209' title='bbox 113 2322 236 2381; x_wconf 85' lang='lat' dir='ltr'>te1tium</span> <span class='ocrx_word' id='word_1_210' title='bbox 254 2321 367 2379; x_wconf 84' lang='lat' dir='ltr'>factum</span> <span class='ocrx_word' id='word_1_211' title='bbox 389 2324 471 2396; x_wconf 89' lang='lat' dir='ltr'>puta.</span> <span class='ocrx_word' id='word_1_212' title='bbox 517 2322 549 2379; x_wconf 90' lang='lat' dir='ltr'>P.</span> <span class='ocrx_word' id='word_1_213' title='bbox 568 2322 659 2380; x_wconf 92' lang='lat' dir='ltr'>immo</span> <span class='ocrx_word' id='word_1_214' title='bbox 678 2325 709 2380; x_wconf 89' lang='lat' dir='ltr'>in</span> <span class='ocrx_word' id='word_1_215' title='bbox 733 2323 829 2382; x_wconf 90' lang='lat' dir='ltr'>dubiis</span> <span class='ocrx_word' id='word_1_216' title='bbox 851 2325 947 2382; x_wconf 90' lang='lat' dir='ltr'>multa</span> <span class='ocrx_word' id='word_1_217' title='bbox 966 2324 1134 2401; x_wconf 88' lang='lat' dir='ltr'>deprehen-</span> 
     </span>
    </p>
   </div>
   <div class='ocr_carea' id='block_1_6' title="bbox 111 2410 1173 3198">
    <p class='ocr_par' dir='ltr' id='par_1_6' title="bbox 111 2410 1173 3198">
     <span class='ocr_line' id='line_1_25' title="bbox 114 2410 1134 2485; baseline 0.005 -16"><span class='ocrx_word' id='word_1_218' title='bbox 114 2411 223 2484; x_wconf 85' lang='lat' dir='ltr'>dimus,</span> <span class='ocrx_word' id='word_1_219' title='bbox 253 2412 341 2485; x_wconf 89' lang='lat' dir='ltr'>plura</span> <span class='ocrx_word' id='word_1_220' title='bbox 369 2410 617 2485; x_wconf 88' lang='lat' dir='ltr'>reprehendimus.</span> <span class='ocrx_word' id='word_1_221' title='bbox 663 2411 699 2469; x_wconf 95' lang='lat' dir='ltr'>de</span> <span class='ocrx_word' id='word_1_222' title='bbox 729 2413 838 2471; x_wconf 84' lang='lat' dir='ltr'>futuris</span> <span class='ocrx_word' id='word_1_223' title='bbox 867 2414 983 2471; x_wconf 83' lang='lat' dir='ltr'>nullum</span> <span class='ocrx_word' id='word_1_224' title='bbox 1013 2418 1134 2475; x_wconf 86' lang='lat' dir='ltr'>certum</span> 
     </span>
     <span class='ocr_line' id='line_1_26' title="bbox 113 2499 1173 2576; baseline 0.008 -16"><span class='ocrx_word' id='word_1_225' title='bbox 113 2505 166 2576; x_wconf 86' lang='lat' dir='ltr'>est,</span> <span class='ocrx_word' id='word_1_226' title='bbox 186 2500 278 2558; x_wconf 92' lang='lat' dir='ltr'>donec</span> <span class='ocrx_word' id='word_1_227' title='bbox 294 2499 417 2558; x_wconf 87' lang='lat' dir='ltr'>accidat.</span> <span class='ocrx_word' id='word_1_228' title='bbox 461 2500 492 2558; x_wconf 90' lang='lat' dir='ltr'>V.</span> <span class='ocrx_word' id='word_1_229' title='bbox 507 2500 734 2560; x_wconf 85' lang='lat' dir='ltr'>mathematicus</span> <span class='ocrx_word' id='word_1_230' title='bbox 754 2521 841 2576; x_wconf 93' lang='lat' dir='ltr'>quem</span> <span class='ocrx_word' id='word_1_231' title='bbox 859 2500 987 2560; x_wconf 82' lang='lat' dir='ltr'>fefellit?</span> <span class='ocrx_word' id='word_1_232' title='bbox 1011 2504 1133 2564; x_wconf 89' lang='lat' dir='ltr'>caelum</span> <span class='ocrx_word' id='word_1_233' title='bbox 1148 2530 1173 2569; x_wconf 79' lang='lat'>25</span> 
     </span>
     <span class='ocr_line' id='line_1_27' title="bbox 113 2587 1133 2666; baseline 0.006 -18"><span class='ocrx_word' id='word_1_234' title='bbox 113 2590 231 2666; x_wconf 86' lang='lat' dir='ltr'>quando</span> <span class='ocrx_word' id='word_1_235' title='bbox 255 2590 374 2662; x_wconf 87' lang='lat' dir='ltr'>erravit,</span> <span class='ocrx_word' id='word_1_236' title='bbox 398 2608 457 2646; x_wconf 91' lang='lat' dir='ltr'>non</span> <span class='ocrx_word' id='word_1_237' title='bbox 482 2587 630 2664; x_wconf 82' lang='lat' dir='ltr'>explevit?</span> <span class='ocrx_word' id='word_1_238' title='bbox 674 2591 707 2648; x_wconf 89' lang='lat' dir='ltr'>P.</span> <span class='ocrx_word' id='word_1_239' title='bbox 731 2591 967 2665; x_wconf 88' lang='lat' dir='ltr'>mathematicus,</span> <span class='ocrx_word' id='word_1_240' title='bbox 990 2591 1015 2649; x_wconf 94' lang='lat' dir='ltr'>si</span> <span class='ocrx_word' id='word_1_241' title='bbox 1038 2593 1133 2654; x_wconf 90' lang='lat' dir='ltr'>homo</span> 
     </span>
     <span class='ocr_line' id='line_1_28' title="bbox 112 2678 1134 2758; baseline 0.003 -19"><span class='ocrx_word' id='word_1_242' title='bbox 112 2682 171 2754; x_wconf 87' lang='lat' dir='ltr'>est,</span> <span class='ocrx_word' id='word_1_243' title='bbox 201 2678 305 2736; x_wconf 87' lang='lat' dir='ltr'>fallere</span> <span class='ocrx_word' id='word_1_244' title='bbox 334 2679 440 2753; x_wconf 90' lang='lat' dir='ltr'>potest.</span> <span class='ocrx_word' id='word_1_245' title='bbox 487 2679 600 2736; x_wconf 86' lang='lat' dir='ltr'>caelum</span> <span class='ocrx_word' id='word_1_246' title='bbox 629 2698 689 2737; x_wconf 86' lang='lat' dir='ltr'>non</span> <span class='ocrx_word' id='word_1_247' title='bbox 719 2682 812 2753; x_wconf 85' lang='lat' dir='ltr'>errat,</span> <span class='ocrx_word' id='word_1_248' title='bbox 842 2680 893 2738; x_wconf 92' lang='lat' dir='ltr'>sed</span> <span class='ocrx_word' id='word_1_249' title='bbox 922 2699 980 2737; x_wconf 93' lang='lat' dir='ltr'>non</span> <span class='ocrx_word' id='word_1_250' title='bbox 1010 2699 1134 2758; x_wconf 86' lang='lat' dir='ltr'>semper</span> 
     </span>
     <span class='ocr_line' id='line_1_29' title="bbox 112 2767 1132 2845; baseline 0.006 -19"><span class='ocrx_word' id='word_1_251' title='bbox 112 2767 350 2844; x_wconf 84' lang='lat' dir='ltr'>deprehenditur.</span> <span class='ocrx_word' id='word_1_252' title='bbox 396 2767 459 2824; x_wconf 87' lang='lat' dir='ltr'>vidi</span> <span class='ocrx_word' id='word_1_253' title='bbox 487 2787 540 2845; x_wconf 85' lang='lat' dir='ltr'>ego</span> <span class='ocrx_word' id='word_1_254' title='bbox 569 2768 673 2827; x_wconf 84' lang='lat' dir='ltr'>stellas</span> <span class='ocrx_word' id='word_1_255' title='bbox 699 2768 857 2827; x_wconf 86' lang='lat' dir='ltr'>rutilantes</span> <span class='ocrx_word' id='word_1_256' title='bbox 886 2769 998 2843; x_wconf 87' lang='lat' dir='ltr'>subita,</span> <span class='ocrx_word' id='word_1_257' title='bbox 1026 2772 1132 2832; x_wconf 88' lang='lat' dir='ltr'>nescio</span> 
     </span>
     <span class='ocr_line' id='line_1_30' title="bbox 113 2845 1132 2934; baseline 0.006 -20"><span class='ocrx_word' id='word_1_258' title='bbox 113 2876 173 2932; x_wconf 85' lang='lat' dir='ltr'>qua</span> <span class='ocrx_word' id='word_1_259' title='bbox 191 2856 305 2915; x_wconf 85' lang='lat' dir='ltr'>invidia</span> <span class='ocrx_word' id='word_1_260' title='bbox 328 2855 486 2915; x_wconf 87' lang='lat' dir='ltr'>offuscatas</span> <span class='ocrx_word' id='word_1_261' title='bbox 509 2855 677 2915; x_wconf 87' lang='lat' dir='ltr'>videntibus</span> <span class='ocrx_word' id='word_1_262' title='bbox 696 2845 843 2932; x_wconf 82' lang='lat' dir='ltr'>subtrahi3</span> <span class='ocrx_word' id='word_1_263' title='bbox 863 2857 960 2916; x_wconf 89' lang='lat' dir='ltr'>sedet</span> <span class='ocrx_word' id='word_1_264' title='bbox 978 2860 1132 2934; x_wconf 88' lang='lat' dir='ltr'>quaedam</span> 
     </span>
     <span class='ocr_line' id='line_1_31' title="bbox 111 2944 1172 3021; baseline 0.007 -18"><span class='ocrx_word' id='word_1_265' title='bbox 111 2948 144 3003; x_wconf 89' lang='lat' dir='ltr'>in</span> <span class='ocrx_word' id='word_1_266' title='bbox 166 2947 251 3003; x_wconf 88' lang='lat' dir='ltr'>tanto</span> <span class='ocrx_word' id='word_1_267' title='bbox 275 2945 351 3002; x_wconf 73' lang='lat' dir='ltr'>aeris</span> <span class='ocrx_word' id='word_1_268' title='bbox 375 2945 473 3020; x_wconf 84' lang='lat' dir='ltr'>spatio</span> <span class='ocrx_word' id='word_1_269' title='bbox 494 2944 689 3004; x_wconf 88' lang='lat' dir='ltr'>intercurrere</span> <span class='ocrx_word' id='word_1_270' title='bbox 708 2949 840 3021; x_wconf 87' lang='lat' dir='ltr'>possunt,</span> <span class='ocrx_word' id='word_1_271' title='bbox 864 2947 1011 3021; x_wconf 86' lang='lat' dir='ltr'>quaedam</span> <span class='ocrx_word' id='word_1_272' title='bbox 1034 2952 1132 3010; x_wconf 90' lang='lat' dir='ltr'>etiam</span> <span class='ocrx_word' id='word_1_273' title='bbox 1146 2976 1172 3014; x_wconf 81' lang='lat' dir='ltr'>ao</span> 
     </span>
     <span class='ocr_line' id='line_1_32' title="bbox 111 3033 1131 3112; baseline 0.006 -20"><span class='ocrx_word' id='word_1_274' title='bbox 111 3037 143 3092; x_wconf 92' lang='lat' dir='ltr'>in</span> <span class='ocrx_word' id='word_1_275' title='bbox 170 3035 243 3109; x_wconf 87' lang='lat' dir='ltr'>ipsis</span> <span class='ocrx_word' id='word_1_276' title='bbox 273 3033 441 3093; x_wconf 91' lang='lat' dir='ltr'>hominibus</span> <span class='ocrx_word' id='word_1_277' title='bbox 473 3035 554 3093; x_wconf 89' lang='lat' dir='ltr'>nasci</span> <span class='ocrx_word' id='word_1_278' title='bbox 582 3054 656 3108; x_wconf 89' lang='lat' dir='ltr'>quae</span> <span class='ocrx_word' id='word_1_279' title='bbox 687 3037 785 3093; x_wconf 85' lang='lat' dir='ltr'>visum</span> <span class='ocrx_word' id='word_1_280' title='bbox 813 3035 942 3094; x_wconf 90' lang='lat' dir='ltr'>turbant.</span> <span class='ocrx_word' id='word_1_281' title='bbox 989 3057 1043 3112; x_wconf 94' lang='lat' dir='ltr'>pro</span> <span class='ocrx_word' id='word_1_282' title='bbox 1071 3040 1131 3100; x_wconf 90' lang='lat' dir='ltr'>deo</span> 
     </span>
     <span class='ocr_line' id='line_1_33' title="bbox 112 3123 1131 3198; baseline 0.008 -18"><span class='ocrx_word' id='word_1_283' title='bbox 112 3126 211 3181; x_wconf 85' lang='lat' dir='ltr'>autem</span> <span class='ocrx_word' id='word_1_284' title='bbox 234 3125 269 3181; x_wconf 95' lang='lat' dir='ltr'>ut</span> <span class='ocrx_word' id='word_1_285' title='bbox 290 3123 492 3198; x_wconf 86' lang='lat' dir='ltr'>respondeam,</span> <span class='ocrx_word' id='word_1_286' title='bbox 516 3141 597 3181; x_wconf 88' lang='lat' dir='ltr'>sume</span> <span class='ocrx_word' id='word_1_287' title='bbox 621 3126 721 3182; x_wconf 91' lang='lat' dir='ltr'>utrum</span> <span class='ocrx_word' id='word_1_288' title='bbox 744 3124 801 3182; x_wconf 87' lang='lat' dir='ltr'>vis:</span> <span class='ocrx_word' id='word_1_289' title='bbox 830 3144 932 3182; x_wconf 87' lang='lat' dir='ltr'>verum</span> <span class='ocrx_word' id='word_1_290' title='bbox 954 3144 991 3183; x_wconf 88' lang='lat' dir='ltr'>an</span> <span class='ocrx_word' id='word_1_291' title='bbox 1015 3126 1131 3188; x_wconf 86' lang='lat' dir='ltr'>falsum</span> 
     </span>
    </p>
   </div>
   <div class='ocr_carea' id='block_1_7' title="bbox 111 3235 322 3242">
    <p class='ocr_par' dir='ltr' id='par_1_7' title="bbox 111 3235 322 3242">
     <span class='ocr_line' id='line_1_34' title="bbox 111 3235 322 3242; baseline -0.005 -1"><span class='ocrx_word' id='word_1_292' title='bbox 111 3235 173 3242; x_wconf 73' lang='lat'>--</span> <span class='ocrx_word' id='word_1_293' title='bbox 202 3236 322 3240; x_wconf 70' lang='grc'><em>.,-.--,-.-</em></span> 
     </span>
    </p>
   </div>
   <div class='ocr_carea' id='block_1_8' title="bbox 110 3293 1131 3646">
    <p class='ocr_par' dir='ltr' id='par_1_8' title="bbox 110 3293 1131 3646">
     <span class='ocr_line' id='line_1_35' title="bbox 185 3293 1130 3364; baseline 0.008 -19"><span class='ocrx_word' id='word_1_294' title='bbox 185 3300 198 3345; x_wconf 94' lang='grc'>1</span> <span class='ocrx_word' id='word_1_295' title='bbox 213 3293 314 3345; x_wconf 85' lang='lat' dir='ltr'>mavis:</span> <span class='ocrx_word' id='word_1_296' title='bbox 330 3293 371 3345; x_wconf 90' lang='lat' dir='ltr'>vis</span> <span class='ocrx_word' id='word_1_297' title='bbox 385 3309 457 3346; x_wconf 74' lang='lat' dir='ltr'>cuca.</span> <span class='ocrx_word' id='word_1_298' title='bbox 472 3296 492 3346; x_wconf 82' lang='lat'><em>2</em></span> <span class='ocrx_word' id='word_1_299' title='bbox 509 3301 530 3343; x_wconf 83' lang='lat' dir='ltr'><strong><em>V</em></strong></span> <span class='ocrx_word' id='word_1_300' title='bbox 581 3297 596 3344; x_wconf 89' lang='grc'><strong>3</strong></span> <span class='ocrx_word' id='word_1_301' title='bbox 611 3295 705 3346; x_wconf 91' lang='lat' dir='ltr'>utrum</span> <span class='ocrx_word' id='word_1_302' title='bbox 716 3325 748 3332; x_wconf 95' lang='lat'><strong>—</strong></span> <span class='ocrx_word' id='word_1_303' title='bbox 759 3293 828 3347; x_wconf 88' lang='lat' dir='ltr'>vivit</span> <span class='ocrx_word' id='word_1_304' title='bbox 841 3300 905 3347; x_wconf 78' lang='lat' dir='ltr'>aute</span> <span class='ocrx_word' id='word_1_305' title='bbox 917 3294 1019 3348; x_wconf 88' lang='lat' dir='ltr'>videtis</span> <span class='ocrx_word' id='word_1_306' title='bbox 1030 3313 1060 3364; x_wconf 85' lang='lat' dir='ltr'>p.</span> <span class='ocrx_word' id='word_1_307' title='bbox 1070 3301 1130 3354; x_wconf 89' lang='lat'>393</span> 
     </span>
     <span class='ocr_line' id='line_1_36' title="bbox 112 3363 1131 3431; baseline 0.007 -14"><span class='ocrx_word' id='word_1_308' title='bbox 112 3364 178 3417; x_wconf 76' lang='lat' dir='ltr'>t27</span> <span class='ocrx_word' id='word_1_309' title='bbox 192 3371 296 3431; x_wconf 75' lang='lat' dir='ltr'>trecop.</span> <span class='ocrx_word' id='word_1_310' title='bbox 316 3373 361 3415; x_wconf 78' lang='lat' dir='ltr'>VB</span> <span class='ocrx_word' id='word_1_311' title='bbox 414 3363 632 3417; x_wconf 72' lang='lat' dir='ltr'>edicendam</span> <span class='ocrx_word' id='word_1_312' title='bbox 686 3367 916 3419; x_wconf 83' lang='lat' dir='ltr'>9servatom.1’</span> <span class='ocrx_word' id='word_1_313' title='bbox 969 3372 1001 3419; x_wconf 90' lang='grc'>13</span> <span class='ocrx_word' id='word_1_314' title='bbox 1016 3365 1131 3424; x_wconf 84' lang='lat' dir='ltr'>factum</span> 
     </span>
     <span class='ocr_line' id='line_1_37' title="bbox 115 3434 1129 3510; baseline 0.009 -24"><span class='ocrx_word' id='word_1_315' title='bbox 115 3443 161 3486; x_wconf 78' lang='lat' dir='ltr'>VB</span> <span class='ocrx_word' id='word_1_316' title='bbox 247 3434 355 3488; x_wconf 84' lang='lat' dir='ltr'>iudicat</span> <span class='ocrx_word' id='word_1_317' title='bbox 377 3444 449 3487; x_wconf 78' lang='lat' dir='ltr'>m</span> <span class='ocrx_word' id='word_1_318' title='bbox 538 3440 570 3486; x_wconf 78' lang='lat'>15</span> <span class='ocrx_word' id='word_1_319' title='bbox 592 3435 728 3489; x_wconf 87' lang='lat' dir='ltr'>moriatur</span> <span class='ocrx_word' id='word_1_320' title='bbox 745 3444 774 3488; x_wconf 73' lang='grc' dir='ltr'><strong><em>Β</em></strong></span> <span class='ocrx_word' id='word_1_321' title='bbox 870 3442 902 3489; x_wconf 90' lang='grc'>19</span> <span class='ocrx_word' id='word_1_322' title='bbox 926 3437 1014 3490; x_wconf 83' lang='lat' dir='ltr'>satius</span> <span class='ocrx_word' id='word_1_323' title='bbox 1038 3448 1129 3510; x_wconf 55' lang='lat' dir='ltr'>VR&amp;</span> 
     </span>
     <span class='ocr_line' id='line_1_38' title="bbox 110 3505 1128 3577; baseline 0.009 -20"><span class='ocrx_word' id='word_1_324' title='bbox 110 3505 212 3559; x_wconf 85' lang='lat' dir='ltr'>iustius</span> <span class='ocrx_word' id='word_1_325' title='bbox 230 3507 271 3560; x_wconf 85' lang='lat' dir='ltr'>cel</span> <span class='ocrx_word' id='word_1_326' title='bbox 288 3506 383 3574; x_wconf 85' lang='lat' dir='ltr'>potius</span> <span class='ocrx_word' id='word_1_327' title='bbox 402 3507 510 3573; x_wconf 78' lang='lat' dir='ltr'>Haupt,</span> <span class='ocrx_word' id='word_1_328' title='bbox 531 3522 621 3573; x_wconf 77' lang='lat' dir='ltr'>opusc.</span> <span class='ocrx_word' id='word_1_329' title='bbox 636 3507 692 3559; x_wconf 94' lang='lat' dir='ltr'>III</span> <span class='ocrx_word' id='word_1_330' title='bbox 705 3510 760 3560; x_wconf 78' lang='lat'>420</span> <span class='ocrx_word' id='word_1_331' title='bbox 868 3514 901 3560; x_wconf 81' lang='lat'>26</span> <span class='ocrx_word' id='word_1_332' title='bbox 921 3508 989 3561; x_wconf 88' lang='lat' dir='ltr'>deus</span> <span class='ocrx_word' id='word_1_333' title='bbox 1009 3513 1128 3577; x_wconf 87' lang='lat' dir='ltr'>quando</span> 
     </span>
     <span class='ocr_line' id='line_1_39' title="bbox 112 3577 1131 3646; baseline 0.008 -17"><span class='ocrx_word' id='word_1_334' title='bbox 112 3593 165 3630; x_wconf 90' lang='lat' dir='ltr'>non</span> <span class='ocrx_word' id='word_1_335' title='bbox 183 3577 254 3646; x_wconf 84' lang='lat' dir='ltr'>expl.</span> <span class='ocrx_word' id='word_1_336' title='bbox 271 3587 348 3631; x_wconf 71' lang='lat' dir='ltr'>RVB</span> <span class='ocrx_word' id='word_1_337' title='bbox 396 3583 428 3630; x_wconf 74' lang='lat'>27</span> <span class='ocrx_word' id='word_1_338' title='bbox 450 3579 510 3630; x_wconf 87' lang='lat' dir='ltr'>erat</span> <span class='ocrx_word' id='word_1_339' title='bbox 530 3586 551 3628; x_wconf 80' lang='lat' dir='ltr'><strong><em>V</em></strong></span> <span class='ocrx_word' id='word_1_340' title='bbox 601 3583 635 3630; x_wconf 88' lang='grc'>30</span> <span class='ocrx_word' id='word_1_341' title='bbox 653 3578 793 3630; x_wconf 88' lang='lat' dir='ltr'>incurrere</span> <span class='ocrx_word' id='word_1_342' title='bbox 809 3588 848 3645; x_wconf 68' lang='grc' dir='ltr'>κς</span> <span class='ocrx_word' id='word_1_343' title='bbox 867 3578 1062 3635; x_wconf 87' lang='lat' dir='ltr'>inconcurrere</span> <span class='ocrx_word' id='word_1_344' title='bbox 1081 3594 1131 3638; x_wconf 72' lang='lat' dir='ltr'><strong><em>w</em></strong></span> 
     </span>
    </p>
   </div>
   <div class='ocr_carea' id='block_1_9' title="bbox 0 0 1220 3952">
    <p class='ocr_par' dir='ltr' id='par_1_9' title="bbox 0 0 1220 3952">
     <span class='ocr_line' id='line_1_40' title="bbox 0 0 1220 3952; baseline 0 3"><span class='ocrx_word' id='word_1_345' title='bbox 0 0 1220 3952; x_wconf 95' lang='lat' dir='ltr'> </span> 
     </span>
    </p>
   </div>
  </div>
 </body>
</html>
