2430 3952
127 212 192 276 396
439 211 631 266 EXCERPTA
649 211 827 265 PARISINA.

125 399 256 455 causam,
279 383 305 440 si
328 381 415 439 illum
433 381 569 455 redditio,
592 399 638 438 me
661 380 825 456 redemptio
849 379 1020 439 reduxisset.
1068 382 1103 440 P.
1127 400 1147 442 o

125 471 220 528 multo
246 471 401 545 aptiorem,
423 470 531 528 fortem
552 468 685 542 evadere,
708 469 834 527 debilem
852 469 1004 543 redimere,
1022 473 1148 545 patrem

125 577 255 634 pascere.
297 561 333 617 F.
358 559 437 633 quod
466 579 533 616 eum
563 560 659 635 magis
686 556 836 632 dilexeris,
866 559 957 616 etiam
986 561 1147 619 convictus

126 649 241 722 probat.
289 648 336 704 illi
365 666 481 723 semper
510 648 599 722 lenis,
628 648 703 704 milri
733 665 819 722 asper
849 647 997 706 exstitisti.
1046 649 1081 706 P.
1109 651 1149 707 tu

125 738 214 813 frugi,
237 736 289 794 ille
308 737 438 814 fragilis3
457 739 486 794 te
506 738 590 810 serio,
609 736 694 794 illum
717 736 823 795 misere
842 735 1009 812 diligebam.
1054 737 1148 796 aliter
1175 759 1187 798 a

125 829 214 900 atque
237 827 338 900 aliter,
365 844 424 883 non
450 827 545 901 magis
569 827 660 900 atque
682 827 788 883 minus
829 826 866 883 F.
891 826 956 899 quis
979 844 1039 882 non
1063 826 1147 885 indi·

126 917 233 992 gnetur
248 914 327 989 quod
340 913 456 973 validus
470 914 581 990 fragili,
596 913 675 989 quod
689 931 778 972 sanus
793 916 915 990 aegroto
929 915 1147 989 postponitur?

124 1005 156 1061 P.
178 1003 243 1079 quis
263 1003 330 1061 inde
354 1005 453 1078 potius
472 1001 651 1080 indignetur,
675 1003 733 1061 nisi
756 1005 781 1061 si
802 1002 869 1078 plus
888 1000 1028 1060 amatur?
1052 1003 1147 1063 irasci

125 1093 203 1150 enim
227 1091 306 1167 quod
333 1111 393 1150 non
421 1094 463 1151 sic
486 1094 702 1167 praeponatur,
729 1092 913 1166 impatientis
944 1095 988 1151 est
1011 1093 1147 1154 hominis

127 1183 179 1256 qui
200 1181 297 1257 magis
321 1180 464 1258 diligitur.
511 1181 547 1238 F.
570 1180 634 1255 ipse
656 1180 756 1255 pirata
773 1181 924 1240 utrumvis
947 1180 1066 1240 obtulit.
1109 1184 1146 1240 P.
1163 1203 1187 1243 ιο

126 1269 274 1344 condicio,
297 1289 356 1328 non
378 1271 438 1328 nisi
461 1270 535 1328 duro
558 1269 739 1345 redemptori
761 1271 892 1344 ponitur.
939 1271 975 1328 F.
999 1272 1025 1328 si
1049 1270 1147 1330 durus

128 1377 213 1433 esses,
237 1359 436 1417 etiamsinon
459 1361 520 1416 iam
542 1361 638 1417 certus
661 1360 693 1416 in
715 1377 762 1415 me
781 1358 933 1417 haesisses.
978 1359 1011 1417 P.
1035 1360 1148 1435 fateor,

125 1447 204 1522 quod
232 1447 333 1506 odium
357 1449 414 1522 est,
444 1447 476 1506 P.
497 1446 537 1521 0,
561 1446 722 1506 deliberavi
752 1466 844 1521 eoque
872 1447 1011 1524 languori
1037 1448 1147 1508 adieci.

125 1537 218 1595 sensit
246 1555 334 1614 aeger
364 1536 436 1611 quid
466 1555 558 1595 essem
587 1537 692 1595 neutro
725 1537 884 1612 languente
914 1537 1058 1594 facturus,
1107 1540 1146 1596 F.

123 1625 232 1700 probat
254 1645 345 1701 quam
366 1624 540 1684 irrationale
567 1626 659 1684 fuerit
681 1624 800 1683 redimi:
825 1645 885 1684 non
907 1627 1007 1701 potuit
1029 1626 1146 1705 reduci,
1162 1647 1186 1687 1⁵

125 1734 214 1789 quam
232 1714 352 1773 inutile:
375 1716 511 1774 mortuus
530 1716 582 1773 est.
627 1715 661 1772 P.
681 1713 765 1788 atqui
783 1713 892 1789 probat
909 1715 1030 1772 fortuna
1050 1735 1147 1791 quam
1187 1783 1190 1788 ,

123 1803 278 1878 rationale,
302 1804 372 1862 dum
394 1803 468 1862 faoit
490 1804 641 1862 residuum
663 1802 798 1876 rediisse,
822 1821 912 1878 quam
935 1804 1023 1862 utile:
1054 1808 1147 1880 pater

123 1893 283 1952 homicidio
301 1891 377 1950 liber
400 1895 452 1950 est.
493 1893 530 1951 F.
550 1911 601 1950 cur
618 1911 678 1951 non
697 1894 792 1950 maius
812 1892 949 1967 attulisti,
973 1895 1008 1949 ut
1032 1895 1063 1951 et
1086 1913 1147 1972 ego

125 1978 305 2039 redimerer?
346 1981 379 2038 P.
402 1999 489 2038 nemo
512 2000 566 2055 pro
585 1981 686 2039 liberis
709 1980 777 2055 plus
796 1979 878 2039 dedit
898 2000 987 2056 quam
1007 1981 1060 2056 qui
1083 1983 1146 2042 sibi

124 2069 200 2127 nihil
230 2070 360 2143 reliquit.
413 2069 469 2126 feci
500 2069 578 2143 quod
608 2068 700 2144 potui.
752 2071 786 2125 tu
814 2069 903 2127 redde
934 2070 1013 2144 quod
1044 2071 1146 2132 debes.
1161 2093 1187 2131 ao

13 2170 20 2188 ²
125 2159 161 2214 F.
186 2156 223 2215 ab
248 2176 281 2215 eo
305 2157 469 2232 pascendus
489 2176 527 2232 es,
550 2176 604 2232 pro
630 2177 688 2232 quo
711 2158 862 2217 mendicus
882 2159 1002 2218 effectus
1026 2178 1065 2218 es.
1110 2163 1147 2220 P.

13 2276 23 2299 ι
125 2265 180 2320 pro
204 2245 317 2305 duobus
340 2247 469 2321 pretium
493 2246 633 2305 contraxi.
675 2246 720 2304 vis
744 2247 817 2306 scire
842 2248 912 2322 quid
935 2250 1044 2323 pirata,
1068 2251 1148 2324 quid

123 2337 210 2410 pater
233 2333 346 2412 egerit?
388 2335 461 2394 duos
488 2335 613 2410 redemi,
643 2355 736 2393 unum
766 2336 872 2410 recepi.
914 2337 949 2394 F.
974 2356 1028 2414 ego
1059 2338 1146 2416 mihi,

124 2443 182 2482 non
201 2423 258 2481 tibi
277 2423 367 2482 debeo
388 2424 467 2499 quod
484 2424 568 2482 redii.
604 2426 637 2483 P.
658 2427 784 2483 evasisse
803 2427 833 2483 te
852 2424 962 2501 putas?
1002 2426 1147 2487 dimissus

125 2533 162 2572 es.
199 2531 298 2571 meum
321 2513 352 2571 id
375 2514 446 2571 fecit
470 2513 573 2572 datum
597 2514 752 2572 amborum
775 2516 918 2588 pretium,
945 2533 1011 2572 mea
1034 2516 1146 2590 pietas.
1161 2538 1187 2576 se

126 2622 143 2659 a
174 2604 270 2677 primo
300 2603 489 2680 neglegentes
520 2606 589 2661 sunt
622 2605 653 2660 in
686 2603 823 2661 secundo.
876 2603 944 2661 inde
974 2606 1146 2665 remittunt.

124 2709 211 2767 pasce
225 2692 327 2767 igitur.
358 2693 389 2750 et
401 2693 504 2763 merui,
525 2694 554 2750 et
567 2693 615 2750 lex
628 2693 782 2766 praecipit.
819 2693 856 2752 F.
871 2694 957 2767 pater
974 2694 1147 2768 pascendus

126 2783 179 2854 est,
203 2781 255 2838 sed
276 2780 378 2839 bonus.
420 2781 453 2838 P.
478 2781 549 2855 quid
574 2781 635 2858 legi
660 2778 825 2855 imprecer?
866 2783 919 2839 aut
941 2799 1059 2857 pascaS,
1089 2788 1148 2843 aut

124 2870 272 2928 vincieris.
318 2869 390 2928 vah!
418 2870 462 2928 ita
485 2870 582 2945 pascit
606 2872 657 2944 qui
679 2870 804 2945 cogitur.
846 2870 891 2928 vis
915 2870 1010 2945 patris
1033 2890 1147 2931 nomen

123 2977 184 3016 non
207 2955 376 3033 corrumpi?
393 2958 516 3016 „bonum
538 2960 655 3033 patrem
680 2958 759 3017 filius
783 2959 858 3032 alat,
882 2959 929 3016 lex
951 2959 1073 3019 malum.
1119 2964 1146 3022 si
1160 2982 1187 3020 eo

125 3047 180 3120 viS,
206 3046 343 3105 affectum
371 3048 471 3121 debes,
502 3048 526 3106 si
557 3049 668 3122 minu8,
698 3047 879 3106 servitutem.
925 3048 1023 3107 nullus
1054 3052 1147 3124 pater

197 3232 403 3288 lreduxiseem
421 3243 472 3285 BV
561 3239 684 3303 laegro
702 3244 779 3288 Bm
870 3234 1053 3303 praeponitur
1071 3246 1102 3288 P

125 3308 140 3355 9
160 3305 346 3372 postponatur
361 3313 438 3358 RVB
508 3305 663 3374 impatietie
683 3307 726 3359 est
742 3315 782 3371 123
802 3306 1051 3374 impatiestPV123
1071 3325 1145 3364 cerr.

126 3376 181 3428 Ba.
256 3375 383 3429 odiosum
401 3386 482 3430 mlv
552 3382 584 3429 14
603 3377 679 3444 quod
701 3386 747 3428 VB
823 3382 856 3429 15
875 3377 1147 3437 irrationabilem

126 3445 165 3514 (bi
179 3446 229 3499 del.
246 3449 293 3514 1²);
308 3447 465 3501 irrationali
483 3456 529 3500 VB
583 3447 837 3513 17rationabsse1²
889 3464 949 3501 ease
963 3470 985 3500 ω
1041 3455 1147 3520 21pro

119 3532 174 3640 pm.
194 3525 239 3570 VB
300 3523 333 3570 23
352 3518 453 3571 redimi
472 3528 493 3570 V
550 3523 583 3570 30
602 3518 707 3572 malum
726 3519 1064 3586 iureamuu21⁷31ex
1082 3540 1148 3578 ma-

134 3605 180 3642 um
199 3605 250 3644 om.
269 3598 298 3643 B
