2430 3952
387 191 620 247 nncaanrnrro
640 193 795 247 vinu-e.
1037 195 1102 259 153
1171 261 1172 265 ,

88 361 156 434 fert,
181 381 218 419 an
241 381 294 437 per
315 361 371 420 boc
395 362 518 422 alterius
540 362 597 420 filii
619 364 720 421 anima
738 361 922 421 redimatur?
959 365 984 424 si
1006 365 1101 440 parri-

88 450 200 509 cidium
223 451 268 509 fas
293 453 337 509 est
359 452 438 510 ullas
457 453 590 527 accipere
608 470 721 526 causas,
744 451 823 511 filius
846 454 969 528 propter
987 473 1018 512 se
1035 455 1101 511 tan·

87 542 154 598 tum
178 539 265 598 debet
289 539 390 598 occidi.

155 627 283 702 Adicite,
297 629 418 703 iudices,
432 631 616 688 immanitati
630 621 710 704 quod
724 630 833 689 occidit
847 649 976 708 aegrum.
1008 633 1101 690 omni-

39 717 143 776 31333
168 717 304 792 equidem
331 718 507 777 mortalibus
531 720 675 778 maiorem
698 719 873 778 crediderim
896 719 932 776 de
959 720 1102 796 languore

88 808 190 864 venire
208 809 414 880 reverentiam,
438 810 468 866 31
485 809 607 867 illorum
626 827 743 883 quoque
762 827 835 883 quos
858 809 937 866 inter
955 809 1102 884 supplicia

88 898 241 970 pereuntis
265 897 353 954 avido
377 900 544 972 spectamus
573 897 713 972 adsensu,
739 899 824 956 iuxta
847 897 1032 956 valetudines
1056 898 1102 955 ta-

88 1004 156 1042 men
183 985 411 1060 morborumque
435 987 610 1045 violentiam
633 986 762 1061 quodam
788 988 976 1045 innocentiae
999 987 1102 1044 farore

88 1075 270 1134 miseremur.
308 1076 341 1132 in
359 1075 524 1134 carceribus
544 1078 574 1133 et
595 1077 628 1133 in
646 1076 700 1134 illa
718 1076 867 1152 profunda
884 1078 971 1134 nocte
993 1086 1103 1150 poena-

48 1182 74 1220 13
88 1183 157 1221 rum
179 1164 347 1241 religiosius
375 1164 426 1222 ille
449 1165 549 1222 anheli
571 1166 701 1239 pectoris
728 1166 826 1241 pallor
850 1167 1016 1240 inspicitur,
1043 1183 1103 1223 non

81 1253 132 1316 ⁴sic
156 1253 341 1311 confundunt
365 1254 466 1312 obvios
492 1254 633 1330 gravibus
657 1255 768 1313 catenis
792 1255 869 1312 colla
892 1254 1050 1312 stridentia
1073 1255 1104 1312 et

80 1341 206 1399 ,diutino
230 1343 367 1416 squalore
391 1345 527 1402 concreta
550 1344 641 1400 facies
664 1345 700 1400 ut
723 1343 775 1400 ille
799 1363 887 1417 quem
910 1342 949 1400 ad
972 1343 1104 1418 singulos

89 1433 213 1489 conatus
237 1449 412 1508 gressusque
435 1432 584 1490 labentem
603 1433 653 1490 vix
671 1433 766 1490 trahit
786 1432 974 1507 impellitque
997 1433 1103 1508 longus

90 1519 161 1577 ordo
185 1522 367 1594 vinctorum,
395 1522 426 1577 et
452 1522 531 1579 inter
553 1522 605 1579 tot
632 1520 796 1580 destinatos
822 1523 928 1594 totque
955 1522 1103 1595 perituros

47 1625 74 1666 rs
89 1610 222 1667 omnium
248 1611 350 1668 tamen
377 1610 409 1666 in
432 1628 462 1668 se
484 1612 638 1684 retorquet
661 1610 761 1669 oculos
784 1629 860 1668 unus
889 1629 984 1685 aeger.
1030 1608 1140 1683 quidl)

89 1695 155 1755 ais?
178 1701 212 1756 tu
230 1698 317 1755 illum
336 1718 423 1773 quem
442 1717 520 1757 nunc
537 1699 621 1758 nefas
642 1703 687 1758 est
705 1700 861 1776 castigare,
881 1695 1116 1773 reprehendere,

90 1788 174 1845 ouius
198 1787 318 1846 auribus
346 1806 467 1862 parcere
491 1788 657 1865 debuerunt
679 1790 814 1848 saeviora
837 1787 942 1861 rerba,
968 1806 1056 1862 quem
1078 1788 1104 1846 si

91 1876 163 1950 quid
186 1896 323 1954 negares,
347 1876 487 1936 videreris
512 1877 657 1951 occidere,
684 1879 776 1951 ferro,
800 1876 972 1936 vulneribus
1000 1895 1104 1952 aggre-

91 1963 190 2024 deris?

49 2070 77 2110 ao
157 2055 225 2113 Non
248 2057 348 2130 potest
374 2055 444 2114 hinc
470 2056 528 2114 tibi
550 2058 652 2114 venire
675 2056 820 2129 defensio,
847 2058 882 2114 ut
904 2057 960 2114 hoc
982 2056 1022 2114 sis
1049 2073 1104 2130 pro

91 2145 214 2202 alterius
238 2144 333 2203 salute
357 2147 548 2203 commentus.
584 2147 664 2203 inter
686 2145 759 2204 duos
782 2145 890 2204 liberos
913 2145 980 2220 pari
1003 2143 1105 2220 despe-

89 2235 207 2292 ratione
225 2234 409 2310 languentes,
433 2234 471 2291 da
489 2233 600 2292 bonum
618 2236 743 2309 patrem,
767 2254 826 2293 non
846 2233 1104 2309 praeponderabit.

91 2322 270 2380 alterutrum
293 2342 352 2380 non
376 2324 479 2400 eliget,
507 2323 571 2397 sed,
599 2324 634 2380 ut
656 2326 802 2382 incertum
825 2324 964 2382 orbitatis
988 2322 1105 2396 evadat,

91 2413 154 2488 ipse
178 2414 329 2470 morietur.

50 2516 77 2556 aa
159 2502 301 2576 Temptat
322 2501 470 2575 hocloco,
492 2501 613 2575 iudices,
637 2501 856 2560 crudelissimus
880 2520 967 2559 senex
987 2517 1105 2558 excusa·

90 2591 204 2649 tionem
231 2591 411 2649 temeritatis
439 2609 508 2650 suae
537 2590 573 2648 de
600 2591 782 2648 medicorum
808 2589 926 2648 trahere
954 2607 1104 2648 consensu.

92 2673 356 2755 ‘desperaveram
379 2681 486 2754 inquit,
510 2673 559 2737 ‘de
578 2675 711 2738 duobus?
749 2697 858 2754 sepono
877 2677 1030 2752 paulisper
1050 2677 1105 2734 im-

91 2771 269 2828 manitatem
292 2767 387 2843 pat'm's
411 2771 463 2845 qui
486 2768 620 2842 credidit,
644 2768 732 2827 etde
756 2768 1016 2844 arrogantissimae
1039 2785 1106 2841 per-

166 2939 369 3025 lpaiicidium
387 2965 415 3009 Β
453 2947 627 3010 ’211133Ρ
692 2954 859 3008 3debes1’
923 2956 1105 3023 'lpereuntes

92 3038 160 3093 uso
229 3031 406 3096 expectemus
430 3037 459 3094 V3
479 3026 675 3096 spectabamus
695 3038 715 3078 o
783 3025 954 3079 valitudines
972 3034 1036 3090 Bvs

95 3105 127 3152 10
146 3099 242 3152 haneli
259 3108 280 3151 V
332 3105 364 3153 11
384 3099 480 3152 obvios
499 3116 533 3153 ex
550 3097 671 3167 oblivios
683 3106 711 3150 Β
764 3097 904 3150 stedentia
918 3107 951 3164 Ρ,
970 3114 1071 3165 rsupr.
1085 3117 1106 3157 p

94 3176 127 3224 16
153 3171 214 3241 agis
232 3181 261 3225 Β
327 3176 360 3223 17
380 3186 462 3238 quem
481 3187 532 3225 om.
548 3182 604 3232 ayo
674 3175 706 3222 18
726 3167 866 3237 egrederis
885 3177 924 3235 Β;
946 3167 1106 3237 38131ξ3113

93 3243 115 3313 (i
128 3245 236 3298 uidetur
249 3244 296 3311 er.)
306 3251 349 3308 Δις
364 3241 557 3311 aggredereris
571 3253 592 3293 3
634 3245 669 3293 20
688 3238 826 3293 defensio:
842 3238 958 3293 offensio
973 3250 1003 3306 J,
1017 3250 1107 3293 coras

95 3320 127 3368 22
147 3313 396 3384 praeponderabit:
415 3313 492 3382 pond
510 3313 541 3366 ia
559 3329 613 3367 ras.
628 3321 667 3378 Β;
685 3310 894 3379 praeponderat
908 3320 940 3378 P,
960 3327 1028 3365 corr.
1042 3331 1063 3371 p

95 3447 128 3495 23
148 3439 235 3508 eliget
254 3456 286 3492 eso
304 3436 386 3508 eligit
403 3447 432 3491 Β
489 3442 522 3491 26
541 3398 765 3489 temeritatissullb
782 3444 811 3488 Β
868 3440 901 3489 27
916 3440 981 3504 post
998 3433 1107 3487 duobus

95 3513 194 3583 tegitur
213 3511 261 3564 sed
280 3513 313 3563 ut
330 3510 468 3563 incertum
492 3507 622 3561 orbitatis
646 3507 749 3561 evadat
769 3509 913 3576 repetitum
933 3523 967 3560 ea
990 3506 1108 3560 12313

96 3596 151 3647 ayo
222 3597 400 3662 seponoponq
423 3590 444 3632 V
513 3584 546 3632 28
564 3579 706 3648 persuasis
726 3579 979 3650 (3333133313
