2430 3952
414 191 719 246 DECLAMATIONES
737 191 784 245 XI.
803 191 862 247 XII.
1076 191 1143 260 315

129 361 181 421 sed
208 361 284 419 nihil
310 360 467 421 habuimus
495 379 553 436 quo
581 363 747 420 viveremus
778 363 898 436 praeter
925 361 1048 420 famem.
1089 379 1143 422 nec

129 454 230 509 tamen
259 450 292 508 in
320 451 420 508 totum
450 450 535 525 queri
563 449 600 508 de
629 449 799 509 numinibus
829 467 993 526 possumus.
1040 451 1066 509 si
1091 470 1142 512 vo÷

129 540 234 599 luisset
262 558 379 598 servare
408 540 525 616 legatus
553 539 633 597 diem
660 558 749 614 quem
776 538 822 597 illi
844 538 973 598 felicitas
1000 541 1142 615 temporis

130 629 258 703 dederat,
277 629 378 704 potuit
395 627 480 687 nobis
498 627 680 688 fulmentum
698 627 744 686 bis
763 628 876 686 afferre.
917 627 954 686 de
971 628 1141 706 regionibus

89 737 115 776 e
130 721 160 777 et
180 717 315 776 finitimis
335 717 506 776 civitatibus
525 717 666 776 ultimum
683 716 745 777 iarn
762 716 847 776 nobis
867 719 932 776 erat
950 718 1141 793 praesidium,

129 825 197 865 eum
218 809 280 865 iam
303 825 405 865 eorum
427 807 517 864 exilia
542 805 621 865 bona
650 807 888 866 vastavissemus
935 808 1000 865 erat
1022 808 1142 882 quidem

128 896 211 954 aliud
233 898 265 954 in
287 897 385 955 vicino
409 895 505 954 adhue
531 894 687 969 frumenti,
714 895 849 954 sedium
876 913 962 953 nemo
986 896 1141 956 vendebat.

129 1004 208 1062 ergo,
232 987 266 1043 ut
288 984 416 1044 vidimus
439 985 568 1044 salutem
588 984 740 1059 publicam
763 987 846 1044 trans
869 1004 950 1042 mare
973 986 1141 1060 petendam,

128 1092 229 1133 omnes
251 1075 284 1131 in
307 1075 420 1132 curiam
438 1075 561 1132 currunt
579 1076 609 1132 et
627 1076 845 1151 congregantur
863 1073 1066 1134 inclamantes.
1107 1077 1142 1137 ut

87 1182 114 1222 ro
128 1181 211 1222 arma
233 1163 319 1238 bello,
343 1165 378 1220 ut
396 1181 475 1237 aqua
496 1162 633 1222 incendio
651 1163 807 1222 inclamari
829 1162 946 1238 publice
970 1163 1074 1237 solent,
1097 1165 1141 1222 ita

127 1271 298 1311 succursum
315 1251 486 1310 inclamant.
528 1252 709 1328 legationem
728 1252 816 1310 multi
833 1251 1064 1328 pollicebantur3
1087 1272 1141 1312 nec

126 1341 313 1399 innocentiae
336 1359 425 1399 causa
452 1341 500 1399 vel
522 1340 638 1401 meritis
664 1342 721 1400 iste
750 1342 859 1400 electus
883 1344 941 1416 est3
968 1360 1028 1400 una
1051 1360 1141 1401 causa

126 1448 180 1489 nos
203 1430 306 1502 movit,
329 1429 408 1504 quod
426 1448 457 1488 se
476 1431 535 1488 cito
554 1430 720 1488 rediturum
737 1429 942 1505 pollicebatur.
983 1433 1141 1505 pecuniam

127 1520 189 1576 sine
218 1536 340 1577 numero
370 1517 545 1593 infudimus,
574 1519 756 1577 frumentum
784 1520 846 1577 sine
875 1519 963 1577 modo
986 1520 1140 1580 mandavi-

86 1626 112 1668 11
126 1625 201 1682 mus,
220 1610 365 1682 quantum
382 1609 537 1682 potuisset,
560 1607 687 1682 afferret,
708 1608 814 1682 solum,
833 1609 867 1665 ut
884 1608 1047 1666 festinaret.
1084 1610 1140 1668 hoc

126 1715 185 1754 una
210 1715 281 1755 voce
309 1696 456 1772 supplices
481 1696 719 1756 acclamabamus
745 1716 793 1771 ac,
820 1716 857 1755 ne
880 1716 1063 1756 moraremur
1085 1717 1140 1758 nec

125 1786 181 1844 hoc
204 1785 323 1860 quidem
346 1785 398 1843 diu
424 1786 604 1862 rogavimus.
645 1805 705 1844 una
734 1787 853 1846 tanturn
882 1805 940 1845 vox
962 1787 1034 1844 fuit:
1064 1786 1139 1846 nihil

125 1875 190 1951 agis
220 1874 369 1934 afferendo
403 1875 598 1950 frumentum,
634 1877 661 1935 si
690 1878 759 1950 post
789 1875 876 1933 illum
905 1875 984 1934 diem
1014 1876 1137 1936 veneris.

124 1964 233 2023 nostris
263 1963 400 2022 manibus
426 1964 561 2040 legatum
586 1965 618 2022 in
641 1982 748 2022 navem
777 1964 945 2039 intulimus,
973 1965 1138 2024 retinacula
1200 1972 1203 1977 '

83 2072 111 2112 sc
125 2053 209 2112 navis
232 2053 390 2111 incidimus
414 2054 444 2110 et
466 2053 538 2112 litus
561 2053 687 2132 ingressi
705 2054 829 2112 classem
850 2052 978 2128 publicis
1001 2054 1138 2114 manibus

123 2141 304 2217 impulimus.
339 2141 509 2200 clamabant
523 2162 538 2200 e
553 2143 641 2203 litore
654 2142 740 2218 pueri
753 2142 861 2201 nostri:
885 2143 957 2201 affer
971 2143 1057 2201 nobis
1077 2145 1136 2202 cito

123 2248 244 2305 panem,
271 2230 389 2306 publice
416 2234 509 2306 pater.
563 2232 656 2291 oculis
683 2233 792 2292 nostris
820 2225 986 2308 fugientem
1013 2232 1138 2294 classem

124 2320 338 2395 conspeximus,
356 2320 475 2378 facilem
490 2322 678 2396 emptionem,
695 2321 837 2380 secundos
851 2323 964 2395 ventos,
983 2321 1137 2396 placidum

123 2427 217 2484 mare,
244 2426 278 2467 ac
301 2409 327 2467 si
348 2410 408 2484 ipsi
430 2411 653 2487 navigaremus,
680 2411 795 2484 precati
818 2428 928 2469 sumus
975 2411 1075 2468 omnia
1098 2411 1136 2468 si·¹

82 2516 109 2557 aa
125 2496 246 2571 quidem
275 2515 293 2554 a
324 2497 380 2555 diis
409 2499 649 2573 impetravimus,
679 2518 772 2557 unum
801 2499 897 2557 solum
926 2500 1072 2574 superest,
1102 2501 1137 2557 ut

122 2604 177 2660 pro
206 2585 304 2644 aliona
334 2586 456 2645 civitate
486 2589 557 2646 vota
586 2588 748 2646 solvantur.
795 2589 854 2646 cito
885 2589 965 2646 enim
990 2588 1136 2663 pervenit,

121 2675 182 2733 cito
215 2674 300 2748 emit,
333 2676 391 2733 cito
420 2675 511 2734 rediit
540 2695 599 2750 quo
631 2676 734 2735 voluit.
785 2669 889 2754 alia[s]
921 2676 1026 2735 civitas
1053 2678 1137 2750 prior

122 2764 194 2837 fuit,
222 2767 252 2822 et
273 2763 391 2840 legatus
414 2763 493 2822 diem
516 2768 659 2840 expectat.
700 2783 754 2824 nos
781 2764 877 2840 primo
903 2783 1012 2840 pecora
1033 2767 1136 2823 nostra

122 2852 301 2912 comedimus
332 2855 362 2910 ct
388 2871 442 2912 nec
471 2856 597 2913 venturo
625 2872 703 2912 anno
734 2854 908 2928 reliquimus
937 2854 988 2928 qui
1016 2856 1135 2917 ararent

80 2963 107 3002 cc
121 2943 219 3002 boves.
264 2943 326 2999 iam
349 2943 441 3000 servis
463 2941 567 3019 fugam
583 2943 803 3019 imperavimus,
827 2942 888 3000 iarn
910 2941 1135 3017 procumbentes

121 3033 190 3089 ante
220 3032 325 3089 limina
354 3032 523 3107 principum
551 3049 697 3107 pauperes
726 3033 759 3090 in
788 3032 862 3107 ipsis
889 3030 1025 3106 precibus
1054 3033 1133 3107 expi-

121 3122 198 3177 rant.
249 3119 436 3194 plorantibus
468 3119 570 3179 h'beris
600 3121 733 3198 legatum
761 3121 973 3196 promittimus.
1026 3122 1134 3198 cogita,

121 3207 240 3282 perfide,
258 3210 363 3285 populi
378 3228 487 3283 casum,
506 3209 661 3268 considera
674 3209 775 3268 vultus
788 3208 919 3284 pallidos
933 3212 962 3268 et
976 3227 1133 3286 exangues.

122 3296 193 3355 affer
214 3296 299 3356 nobis
321 3298 354 3357 in
376 3297 502 3358 confinio
531 3299 638 3358 saltem
660 3298 740 3356 vitae
769 3299 960 3357 frumentum
1007 3298 1079 3374 quid
1101 3299 1134 3361 iu

79 3405 106 3446 ce
120 3403 174 3444 nos
198 3387 345 3447 convertis
371 3390 401 3446 ct
427 3389 490 3446 iam
519 3388 634 3447 alienae
662 3387 794 3447 civitatis
821 3387 940 3446 famem.
972 3389 1020 3450 ,tu
1043 3406 1133 3464 supra

191 3577 226 3625 20
244 3572 346 3642 pulicis
365 3583 398 3627 Μ
