2430 3952
119 212 184 277 372
398 209 590 265 Exeruere
607 208 850 264 montensem.

114 384 233 441 tenatur
249 381 362 455 infelix,
385 400 422 438 ne
441 381 550 438 veniat.
586 379 711 438 maritus
730 379 772 437 sic
790 378 886 437 filium
903 380 1034 454 inclusit,
1059 383 1146 440 tam-

116 490 206 547 quam
229 489 259 529 se
281 470 444 545 inquietari
465 471 562 527 mater
583 469 841 544 ista'quereretur.
886 469 988 544 igitur,
1011 468 1144 544 iudices,

115 577 201 618 nemo
224 560 361 633 miretur,
391 560 417 618 si
435 558 473 617 ad
495 560 559 616 tam
582 557 742 631 crudelem,
766 556 804 615 ad
826 560 889 616 tam
911 558 1062 616 immitem
1086 578 1145 635 pa⁴

114 650 191 707 trem
214 648 319 707 umbra
341 665 402 706 non
423 648 514 706 venit.
555 644 676 721 sciebat,
698 645 752 704 ubi
767 649 868 721 posset
889 645 1024 704 invenire
1047 647 1145 707 lacri-

114 756 187 812 mas,
209 737 262 795 ubi
284 738 384 813 posset
405 737 539 795 invenire
564 735 720 812 singultus,
745 753 763 792 a
787 753 845 810 quo
867 736 963 812 magis
986 735 1144 797 desidera-
1173 757 1186 796 s

114 828 204 886 retur.
250 845 320 884 nam
348 827 401 884 isti
430 825 558 884 ferreum
587 826 632 882 est
660 827 763 900 pectus
791 827 821 882 at
848 823 923 881 dura
950 826 1144 902 praecordia,

117 933 170 973 nec
193 918 263 975 sunt
285 915 321 973 de
345 913 472 973 orbitate
500 933 610 973 sensus.
657 913 728 988 quid
751 914 831 970 enim
857 912 1017 972 immanius
1040 916 1143 990 patre.

115 1004 230 1063 invidet
248 1005 347 1078 matri,
370 1023 407 1062 ne
424 1002 487 1061 filio
505 1003 662 1076 frueretur,
684 1021 739 1060 nec
756 1001 823 1061 ideo
841 1002 921 1077 fecit,
944 1004 1016 1078 quia
1034 1003 1143 1063 videre

116 1095 180 1170 1000
202 1091 341 1151 malebat.
382 1112 443 1150 non
465 1093 545 1168 patri
567 1093 662 1169 igitur
680 1091 844 1166 apparebat
865 1092 897 1149 in
921 1109 1023 1149 somno
1046 1091 1143 1170 filius,

117 1201 135 1242 a
159 1201 218 1258 quo
241 1182 353 1242 solacia
374 1199 470 1256 pauca
492 1181 579 1239 vivus
602 1198 661 1239 non
688 1180 846 1255 habuerat,
871 1179 923 1239 sed
945 1179 1144 1242 severitatem
1159 1201 1183 1242 ro

117 1273 147 1329 et
178 1271 385 1330 crudelitatem
416 1272 553 1346 expertus
584 1272 656 1328 erat.
706 1271 797 1328 matri
828 1272 928 1328 autem
960 1269 1076 1330 sinibus
1112 1275 1145 1331 et

117 1360 257 1435 alloquiis
276 1379 306 1420 se
323 1358 500 1418 infundebat
517 1377 631 1417 memor
648 1357 862 1418 blanditiarum
880 1359 984 1417 matris
1004 1377 1145 1436 comper-

116 1451 217 1508 tarum
234 1451 267 1507 in
284 1450 356 1508 vita.
393 1450 455 1507 iam
472 1450 602 1508 maerori
621 1448 705 1507 locus
723 1466 783 1505 non
803 1449 874 1506 erat.
915 1447 1023 1506 mulier
1039 1447 1145 1509 filium

117 1541 203 1598 nocte
226 1537 356 1613 videbat,
380 1537 427 1597 die
450 1535 590 1614 sperabat
611 1539 641 1594 et
663 1539 695 1594 in
718 1555 769 1612 spe
792 1555 860 1595 mox
883 1537 1003 1594 venturi
1024 1537 1142 1597 reficia-

116 1627 214 1686 batur.
256 1629 376 1702 misera,
399 1628 461 1686 iam
483 1625 600 1702 perdidi
622 1624 772 1685 solacium.
806 1627 869 1683 iam
891 1643 1046 1701 coeperam
1072 1646 1144 1687 oum
1159 1645 1183 1686 rs

118 1719 280 1792 apparente
293 1719 409 1791 iuvene,
422 1716 530 1775 marita
542 1715 677 1788 crudelis,
692 1733 779 1792 agere
793 1715 878 1773 tuam
891 1732 1011 1772 cansam
1025 1715 1143 1791 ipsum·

118 1825 176 1883 qua
193 1824 378 1883 rogaveram,
398 1807 433 1864 ut
450 1807 584 1880 paternis
603 1805 695 1863 oculis
714 1804 810 1862 laetus
834 1805 999 1879 appareret,
1024 1807 1055 1862 01
1066 1805 1144 1880 tibi,

117 1894 243 1971 ingrate,
261 1894 386 1952 dimidia
404 1896 490 1951 nocte
511 1892 657 1953 cedebam.
698 1892 759 1950 iam
777 1894 867 1952 miser
890 1895 920 1951 et
940 1892 992 1951 ille
1015 1894 1143 1968 pollice-

118 1984 215 2041 batur.
255 1983 329 2041 haec
351 1981 459 2040 fiducia
482 1983 561 2055 fecit,
584 1984 618 2039 ut
641 1981 803 2040 confiterer.
845 2001 912 2058 ego,
936 1982 1087 2056 siquidem
1109 1981 1144 2042 in

119 2071 166 2129 die
189 2070 269 2145 orba,
292 2073 365 2128 totis
388 2070 523 2130 noctibus
541 2073 638 2129 mater
656 2089 745 2144 eram,
769 2071 915 2145 videbam,
938 2070 1068 2130 fruebar.
1107 2076 1145 2132 tu
1160 2091 1186 2128 so

120 2161 220 2217 autem
251 2159 372 2218 affectus
399 2161 518 2234 paterni
548 2178 650 2234 expers
679 2159 774 2217 filium
802 2160 901 2218 videre
924 2159 1063 2219 timuisti.
1113 2165 1146 2221 01

119 2267 241 2325 magum
259 2250 359 2306 nescia
372 2251 468 2306 matre
487 2248 589 2306 adiens
607 2247 702 2306 filium
720 2251 856 2307 nostrum
874 2249 976 2326 ligasti
995 2251 1025 2307 01
1038 2250 1146 2325 ipsum

119 2338 286 2412 orphanum
313 2340 343 2396 et
365 2357 412 2395 me
442 2356 562 2412 prorsus
589 2337 711 2396 viduam
739 2338 869 2397 effecisti.
914 2338 977 2413 ipse
1000 2357 1146 2415 namque,

120 2445 187 2484 cum
211 2426 272 2485 dies
296 2427 450 2501 occideret,
476 2426 590 2485 solebat
612 2428 762 2502 imponere
780 2426 869 2485 finem
891 2427 990 2499 morti,
1016 2426 1147 2488 domum

1 2556 3 2562 ·
119 2519 252 2592 repetere
288 2518 318 2574 et
350 2517 518 2574 conversari
550 2535 617 2575 oum
648 2517 751 2575 matre.
792 2535 871 2574 nnnc
902 2518 999 2574 mater
1029 2518 1147 2578 misera
1161 2535 1187 2575 ss

119 2606 238 2682 privata
265 2605 327 2662 filio
348 2606 481 2664 clausum
503 2606 652 2664 tumulum
674 2604 761 2664 nudis
780 2605 878 2664 caedit
895 2603 1043 2679 uberibus,
1068 2607 1148 2667 fletu

120 2695 257 2768 sepulcra
290 2694 456 2771 perfundit,
489 2696 603 2771 gemitu
636 2696 722 2769 quasi
752 2694 920 2753 audientem
949 2692 1080 2753 forsitan
1115 2701 1149 2757 01

121 2785 199 2841 exire
224 2785 391 2858 cupientem
414 2783 525 2842 frustra
543 2786 631 2842 vocat
650 2785 788 2841 animam.
835 2803 852 2841 o
876 2785 984 2841 natura
1002 2784 1148 2863 crudelia,

120 2872 189 2947 plus
212 2874 244 2930 in
267 2872 362 2930 filium
384 2874 484 2948 potest
505 2890 611 2950 magus
635 2892 725 2946 quam
742 2875 845 2931 mater.
892 2892 909 2930 o
932 2890 1019 2948 mage
1042 2890 1148 2950 saeve,

122 2960 257 3034 crudelis,
281 2980 333 3019 cur
350 2961 431 3019 istud
455 2963 687 3037 experimentum
709 2961 920 3037 praeiudiciale
939 2961 1044 3020 fecisti.
1091 2983 1147 3025 oro
1162 2981 1189 3021 so

122 3066 189 3107 cum
211 3050 354 3123 lacrimis,
379 3068 468 3110 evoca
491 3052 623 3109 animam
638 3070 736 3125 -quam
759 3052 886 3125 elusisti,
911 3053 945 3108 ut
967 3051 1066 3126 magis
1092 3072 1149 3130 ap-

121 3155 226 3212 pareas
253 3141 459 3216 magisterium
480 3141 573 3198 tuum.
616 3140 707 3199 viiltis
731 3141 804 3200 scire
833 3140 976 3214 quantam
998 3140 1149 3202 iniuriam

123 3245 141 3284 a
172 3229 280 3285 marito
317 3247 391 3286 uxor
426 3231 578 3304 receperit.
634 3231 697 3288 sola
733 3232 829 3288 mater
869 3229 964 3287 filium
1000 3230 1147 3304 perdidit.

122 3317 232 3386 mirum
250 3311 405 3396 dictu[m]:
424 3319 510 3392 00110
529 3320 655 3394 utroque
675 3319 833 3395 superstite
846 3318 942 3376 filium
961 3318 1025 3376 sola
1043 3323 1149 3380 mater

125 3404 232 3464 amisit.
278 3406 431 3464 invidebat
458 3406 532 3464 mihi
555 3426 634 3466 mors
665 3407 744 3484 quod
771 3410 891 3467 omnino
918 3426 1017 3465 meum
1044 3407 1149 3470 filium
1163 3426 1188 3467 ss

123 3513 183 3552 non
205 3494 336 3569 haberet,
360 3495 412 3554 aad
429 3489 554 3574 ipsa[m]
574 3516 628 3571 per
646 3496 734 3571 diam,
752 3516 807 3575 ego
825 3517 879 3573 per
896 3499 1021 3556 noctem.
1064 3519 1149 3559 nunc

88 3601 90 3605 ’
122 3584 225 3642 autem
247 3585 356 3643 misera
379 3587 475 3643 mater
499 3604 620 3661 prorsus
648 3586 753 3645 orbata
775 3586 837 3646 filio
860 3604 920 3645 non
941 3587 1042 3660 potest
1064 3589 1147 3649 invi·
