2430 3952
378 185 613 241 nncnlmnio
632 186 670 238 m
684 191 778 239 e-ro.
1042 188 1085 252 49

77 353 196 430 signata
227 355 355 414 statione
391 356 476 415 miles
509 355 676 430 abducitur,
708 358 743 414 ut
774 358 910 431 stuprum
943 359 1085 431 patiatur.

77 461 130 502 vos
157 443 320 521 interrege,
350 447 547 518 accusatores,
575 444 647 520 quid
674 442 784 504 faciet?
811 445 886 503 feret
913 445 1085 505 libidinosas

77 551 182 590 manus
202 534 325 592 vulnera
348 552 402 592 sua
419 531 602 593 tractantes?
625 534 753 608 deponet
771 553 863 609 arma,
887 553 924 592 an
942 533 1085 610 reponet?

77 622 125 679 vir
148 624 192 679 est
215 623 306 697 enim,
339 624 490 681 auctorem
512 623 614 697 habet,
641 623 697 680 hoc
719 622 808 699 primi
831 623 948 682 ordines
973 623 1084 682 iubent.

50 728 208 786 eaequum
242 713 286 770 est
320 712 440 769 tribuno
473 712 600 769 militem
632 729 750 788 parere,
786 711 818 769 in
853 712 931 770 diem
968 730 1085 787 sperare

79 801 170 857 etiam
196 818 348 874 processus
376 803 487 875 potest,
514 819 568 877 pro
595 801 651 860 hoc
677 800 783 859 merito
810 801 935 877 accipiet
961 800 1086 859 fortasse

77 888 184 962 vitem,
221 889 338 948 ordines
374 889 473 963 ducet,
510 892 540 948 et
574 889 627 949 sub
661 889 715 948 illo
750 889 802 946 alii
838 889 1024 948 militabunt:
1061 892 1087 948 si

77 978 150 1035 haec
172 978 305 1036 condicio
329 996 434 1037 causae
457 981 514 1053 est,
542 979 566 1037 si
590 977 720 1037 defensio
744 978 790 1036 sui
812 997 871 1037 non
894 978 1085 1054 permittitur,

77 1066 215 1140 indicate,
238 1066 412 1142 praediuite:
436 1068 462 1126 si
485 1070 686 1143 corruptorem
709 1087 768 1125 non
791 1069 861 1126 licet
884 1067 974 1140 feriri,
998 1067 1086 1140 feret,

36 1173 65 1213 io
79 1174 139 1213 non
158 1157 236 1214 enim
255 1159 353 1231 potest
371 1157 451 1214 nuda
470 1177 560 1215 manu
577 1157 689 1232 repelli.
725 1159 913 1231 mementote,
934 1159 1088 1232 corruptor

79 1248 212 1303 armatus
236 1247 287 1302 est.
325 1245 486 1320 implicitus
509 1250 609 1304 tamen
628 1245 749 1305 infando
769 1265 845 1304 nexu
868 1246 998 1322 cogitate
1017 1245 1088 1320 quid

78 1333 137 1391 sibi
159 1333 284 1408 fecisset,
307 1336 407 1392 utrum
430 1335 481 1409 sie,
504 1334 529 1394 si
552 1335 639 1411 plura
662 1335 812 1409 dispiciat3
835 1336 935 1408 immo,
959 1337 984 1392 si
1007 1335 1088 1393 vide-

78 1425 138 1492 tur,
153 1440 211 1497 quo
229 1423 336 1481 iustius
351 1425 435 1499 queri
453 1426 556 1499 possit,
575 1424 716 1500 patiatur.
753 1423 834 1481 istud
851 1442 921 1481 vero
940 1423 1088 1500 flagitium

78 1513 112 1568 in
136 1513 243 1570 conatu
269 1514 378 1586 pereat.
424 1533 494 1571 nam
517 1514 542 1573 si
569 1512 662 1571 libido
690 1513 728 1570 ad
750 1514 853 1570 votum
880 1511 998 1570 obsceni
1026 1530 1087 1569 cor·

35 1619 64 1660 15
79 1602 210 1675 ruptoris
233 1601 417 1676 processerit,
441 1601 499 1660 duo
522 1601 674 1660 occidendi
697 1603 790 1660 erunt.

146 1688 251 1749 Libere
277 1689 379 1767 itaque
407 1690 543 1765 dixerim,
573 1689 602 1748 0.
626 1691 715 1748 Mari:
745 1708 835 1764 quam
862 1689 898 1746 de
926 1689 1087 1746 fortissimo
1104 1689 1141 1744 10

78 1778 175 1837 milite
199 1779 374 1838 sententiam
396 1779 482 1853 feras,
505 1781 601 1856 magis
624 1783 677 1837 tua
696 1779 825 1837 interest.
863 1778 950 1835 huius
969 1777 1088 1852 quidem

79 1867 192 1944 gloriae
220 1868 295 1926 nihil
322 1869 389 1946 plus
417 1869 495 1928 adici
522 1871 633 1945 potest,
657 1887 747 1945 quam
770 1869 795 1925 si
817 1886 871 1942 pro
896 1885 928 1924 re
951 1869 1014 1924 tam
1036 1867 1088 1925 ho-

78 1959 165 2015 nesta
191 1957 329 2032 moritur3
356 1957 434 2016 hunc
461 1957 619 2015 mirabitur
646 1959 710 2017 sola
732 1958 889 2016 virtutium
916 1955 1088 2030 incorrupta

34 2065 64 2105 eo
79 2046 164 2104 testis
183 2047 324 2121 vetustas,
347 2048 403 2106 hoe
425 2047 538 2105 factum
560 2049 660 2122 patres
683 2045 783 2104 liberis
802 2046 851 2104 vel
873 2047 941 2120 post
964 2063 1089 2119 poenam

79 2136 272 2210 praecipient.
317 2138 351 2193 tu
381 2138 480 2212 cogita
508 2136 579 2211 quid
609 2139 638 2194 te
668 2136 792 2195 sensisse
821 2134 954 2192 homines
985 2135 1088 2191 sciant.

124 2410 130 2421 .
152 2346 167 2392 2
187 2339 374 2415 aeeutsatores
393 2350 421 2393 Β
490 2341 579 2394 faciat
596 2350 624 2393 Β
645 2342 722 2410 (corr.
738 2342 766 2410 o)
787 2349 808 2391 V
884 2337 971 2391 ferret
990 2347 1022 2390 M

80 2429 246 2500 libldinosae
264 2456 292 2499 Β
353 2453 368 2500 3
389 2465 425 2502 an
439 2451 561 2516 neponet
579 2460 628 2514 ac;
648 2463 714 2500 aure
732 2448 818 2515 ponet
832 2455 864 2511 s;
883 2446 999 2513 reponet
1017 2454 1091 2507 mPy

81 2523 98 2568 4
116 2517 203 2571 habet
221 2518 358 2574 detmari.
374 2523 391 2572 3
410 2529 437 2571 P
496 2519 550 2573 hoc
568 2536 618 2573 om.
637 2528 667 2585 νς
686 2519 760 2571 hune
778 2518 832 2571 hoc
851 2527 878 2569 Β
938 2521 953 2568 5
973 2515 1090 2568 Imdiem

82 2597 114 2641 M
172 2605 294 2658 sperare:
314 2607 412 2659 perare
426 2599 454 2642 B
474 2606 572 2659 parere
591 2600 621 2656 ⁶3
645 2605 756 2659 sperare
776 2606 827 2643 om.
843 2596 879 2654 M,
897 2602 996 2655 parere
1014 2603 1089 2655 supr.

80 2666 106 2714 et
124 2660 268 2729 imperare,
288 2677 407 2730 sperare,
426 2677 526 2731 parare
544 2663 576 2714 in
593 2678 678 2731 murp.
693 2682 724 2713 m
800 2664 816 2713 6
835 2659 929 2727 potest
947 2675 996 2712 om.
1011 2666 1039 2709 Β

81 2767 204 2836 accipiat
226 2778 248 2820 V
303 2769 423 2822 tritem
440 2777 500 2822 BV:
519 2768 608 2821 vicem
626 2769 726 2834 reliqui
774 2765 881 2819 ordinis
900 2775 927 2817 P
984 2747 1090 2816 al'mi-

80 2839 151 2891 titur
169 2848 197 2891 Β
249 2845 264 2892 9
284 2839 419 2894 indicate:
439 2840 564 2893 indicare
583 2849 620 2905 P;
638 2838 762 2891 indicate
781 2855 820 2890 cu
838 2836 961 2890 iudicate
977 2835 1090 2888 dubium

81 2919 101 2962 s
155 2911 322 2979 praedicite:
342 2917 361 2981 p
380 2917 405 2965 ct
423 2910 462 2964 ite
481 2912 512 2964 iu
529 2913 638 2976 rcsss133
659 2909 821 2978 praedicate
841 2918 868 2960 Β
920 2908 1090 2975 corrumpto-

80 2997 140 3034 rem
154 2991 182 3034 Β
238 2982 311 3035 fireri
325 2992 359 3049 Β,
378 3000 446 3038 corr.
461 2993 491 3049 ὸς
510 2982 593 3036 ferire
608 2983 747 3036 Francius
806 2979 878 3033 feret
896 2986 953 3031 Ne:
972 2978 1038 3031 ferit
1056 2986 1090 3045 B,

81 3068 97 3105 e
115 3069 190 3120 supr.
206 3064 236 3119 ὸς
254 3053 337 3107 feriet
350 3063 459 3120 VMeyc3
478 3053 544 3107 ferri
562 3053 630 3107 lieet
643 3054 720 3106 Dese.
796 3056 828 3104 10
847 3048 1088 3118 nuda—repelli:

81 3124 178 3177 umida
197 3141 283 3178 manu
300 3124 430 3179 libellis
494 3130 525 3178 11
546 3125 575 3178 in
594 3123 710 3177 infando
734 3133 771 3175 Vc
828 3121 912 3173 nexui
930 3130 958 3173 Β
1015 3120 1090 3189 cogi-

81 3196 161 3267 tabte
175 3204 203 3247 Β
256 3202 288 3249 12
307 3197 412 3250 utrum:
433 3195 513 3264 quasi
528 3196 613 3263 dieat,
632 3196 726 3247 utrum
740 3192 887 3246 conveniat
901 3191 975 3260 quod
991 3191 1090 3244 ductus

83 3268 250 3334 expectaret.
288 3269 317 3322 et
335 3271 378 3322 est
396 3268 436 3321 ibi
456 3267 493 3322 sit
510 3284 560 3336 pro
581 3265 745 3320 conveniens
765 3264 803 3317 sit
821 3265 849 3316 et
871 3262 1004 3333 dispiciat
1023 3262 1091 3330 quid

82 3337 193 3390 inversa
211 3338 332 3408 aspiciat
349 3361 379 3392 m
398 3342 429 3393 iu
447 3356 532 3409 marp.
601 3337 642 3391 sic
661 3350 686 3400 e:
707 3335 744 3389 sit
762 3347 818 3397 aye
888 3335 911 3387 si
930 3352 980 3389 orn.
996 3344 1023 3386 P

82 3406 222 3476 despiciat
243 3419 276 3475 Vp
343 3416 376 3464 13
396 3427 466 3478 quo:
486 3410 561 3478 quod
581 3418 613 3462 M
678 3413 711 3460 14
730 3407 760 3459 in
778 3423 828 3461 om.
844 3414 880 3471 M,
899 3423 1020 3475 summ

84 3482 117 3532 16
137 3476 266 3535 dixerim:
285 3479 325 3535 im
342 3483 374 3536 io
390 3499 445 3536 rae.
466 3482 560 3550 (fuisse
578 3480 686 3534 videtur
705 3478 843 3546 dixerunt)
862 3485 890 3528 Β
956 3480 988 3529 19
1008 3474 1090 3528 mira-

82 3547 173 3605 bitur:
190 3549 358 3607 mirabiliter
376 3554 495 3624 (rasura)
515 3561 547 3605 M
610 3550 757 3604 virtutium
774 3557 841 3600 BM:
861 3566 918 3600 -um
939 3548 1038 3614 reliqui

136 3648 297 3701 Qmmnn
308 3661 509 3693 nnonnnrmuns
525 3651 560 3692 ed.
573 3649 709 3690 hebuert.
925 3642 945 3687 b
