2430 3952
335 202 569 257 DECLAMATIO
588 203 639 256 ΧΠ
654 209 766 258 as—aa.
990 203 1054 268 141

42 372 131 448 paria
152 369 299 430 fecimus?
340 371 435 430 adhuc
458 372 533 430 nihil
555 371 721 447 habuimus,
745 372 797 432 sed
819 390 897 430 nuno
919 371 990 433 licet
1012 392 1057 432 re·

43 478 198 537 ponamus.
236 461 302 536 quis
321 463 421 520 autem
443 480 586 537 umquam
609 461 747 537 pensabit
769 461 934 535 necessaria
957 480 1057 538 super·

43 547 168 609 vacuis?
214 548 337 626 duplum
367 551 509 625 attulisti,
537 549 588 609 sed
614 551 675 610 illis
703 553 755 627 qui
782 550 947 626 perierunt,
973 551 1057 609 nihil.

44 638 97 698 sed
123 656 184 696 non
205 657 361 714 possumus
384 641 445 698 iam
470 658 530 698 non
552 640 655 699 fecisse
683 639 762 715 quod
784 639 920 715 fecimus,
944 642 973 699 et
996 641 1058 716 ple·-

15 747 170 803 orumque
193 745 258 786 sera
280 746 334 802 pro
357 728 447 788 nullis
471 732 552 804 sunt,
576 730 606 787 et
628 731 796 804 temporum
818 730 878 788 ista
900 731 1058 788 momentis

45 818 100 876 aut
121 818 253 892 pretiosa
275 815 351 874 fiunt
374 819 427 875 aut
450 818 532 877 vilia.
569 817 614 876 vis
638 820 711 876 scire
737 819 881 893 quantum
903 820 981 876 inter
1003 818 1059 877 hoc

44 909 164 982 tempus
188 907 218 964 et
240 905 316 964 illud
337 904 477 965 intersit?
521 908 637 981 tempta
659 907 753 983 igitur
774 907 873 965 fenim
895 910 990 980 tuum,
1013 909 1059 965 to·

43 997 113 1054 tum
135 995 191 1054 boc
213 1013 272 1052 non
296 996 383 1072 potes,
405 994 529 1054 dimidio
552 994 685 1055 vendere.

114 1081 255 1160 Superest
277 1082 373 1143 adhuc
395 1103 489 1142 unum
510 1083 720 1160 patrocinium,
742 1085 774 1142 in
798 1103 856 1160 quo
879 1102 945 1160 spes
964 1085 1059 1143 omnis

10 1192 32 1233 io
45 1171 224 1249 profligatae
253 1190 359 1232 causae
387 1173 538 1232 consistat.
586 1168 636 1231 ‘ad
663 1172 742 1232 diem
769 1169 857 1232 veni'
904 1176 982 1233 state
1011 1174 1060 1232 hic

47 1263 135 1336 certe,
157 1260 283 1334 iudices,
307 1280 377 1320 nam
400 1262 472 1320 ferri
494 1281 554 1321 non
576 1263 684 1338 potest,
708 1262 838 1321 exundat
856 1263 946 1321 altius
968 1261 1059 1322 dolor.

45 1349 191 1426 pudorem
212 1349 364 1426 publicum
388 1353 523 1426 quamvis
545 1350 711 1426 proiectum
734 1353 764 1410 et
786 1351 847 1409 iam
871 1352 943 1410 olim
964 1351 1060 1427 sepul-

46 1443 112 1498 tum
143 1439 294 1514 bucusque
330 1438 502 1515 protrahis?
547 1458 599 1499 cur
629 1459 689 1499 non
724 1438 965 1516 expectavimus?
1010 1458 1062 1498 our

47 1529 158 1586 famem
184 1547 243 1587 non
271 1527 309 1587 ad
339 1530 534 1588 constitutum
561 1527 751 1587 distulimus?
796 1548 848 1587 cur
875 1528 914 1587 ad
943 1531 1061 1587 tantum

10 1636 33 1679 rs
46 1618 132 1676 nefas
164 1615 358 1677 accessimus?
403 1619 435 1675 in
461 1619 518 1676 hac
549 1619 633 1676 lance
660 1617 780 1693 publica
808 1635 909 1693 causa,
939 1617 1061 1693 iudices,

47 1705 170 1783 pendet:
198 1709 251 1765 aut
277 1706 334 1765 iste
356 1706 440 1765 tarde
468 1707 540 1766 fecit
571 1708 624 1766 aut
650 1725 703 1766 nos
732 1708 799 1766 cito.
844 1706 900 1766 hoc
923 1706 1062 1766 videlicet

49 1795 213 1871 expectasti
235 1798 278 1869 et,
300 1792 337 1854 ne
361 1795 527 1871 captiosum
550 1796 626 1855 esset
649 1795 746 1854 officio
769 1798 821 1855 tuo
844 1797 993 1854 maturius
1017 1815 1061 1854 re·

48 1884 135 1960 disse,
153 1903 188 1943 ex
205 1884 353 1943 industria
371 1887 488 1960 tempus
506 1885 626 1944 trivisti.
664 1904 725 1944 non
742 1887 904 1961 tempestas
922 1885 955 1942 in
973 1903 1062 1943 causa

48 1975 121 2047 fuit,
149 1992 208 2032 non
231 1975 276 2033 vis
298 1974 362 2032 ulla
384 1974 499 2033 vicinae
523 1973 662 2033 civitatis.
707 1992 768 2032 una
790 1972 907 2033 ratione
929 1976 1062 2032 moratus

10 2081 35 2123 so
49 2081 88 2136 es,
112 2061 244 2121 nondum
266 2065 331 2120 erat
353 2065 478 2139 tempus.
525 2063 636 2123 adeone
658 2063 744 2123 nobis
766 2064 903 2122 miseriae
925 2062 1062 2139 publicae

49 2148 240 2210 exciderunt?
278 2151 350 2210 adeo
369 2152 520 2228 insperato
542 2153 690 2211 frumento
710 2151 915 2229 obstipuimus,
938 2154 972 2211 ut
990 2153 1063 2210 haec

49 2239 197 2299 audienda
224 2238 305 2298 siut?
350 2241 491 2300 ultimum
514 2243 608 2300 omnis
636 2242 795 2300 memoriae
817 2260 901 2300 reum
924 2260 983 2299 una
1005 2259 1064 2299 vox

48 2331 236 2388 innocentem
258 2327 353 2388 facit?
375 2330 584 2406 populatorem
607 2347 829 2405 eversoremque
852 2330 983 2389 civitatis
1005 2329 1063 2389 nisi

49 2418 88 2477 ad
118 2436 289 2493 supremum
316 2417 476 2492 damnabo,
504 2418 684 2478 absolvatur.
728 2418 865 2494 publicus
887 2437 955 2477 reus
978 2417 1062 2476 redit.

10 2526 35 2567 ac
119 2500 241 2580 ‘Illum',
263 2507 426 2583 respondit,
447 2503 537 2566 ‘diem
556 2503 711 2566 dedimus.'
744 2510 905 2582 tutamen,
929 2509 955 2566 si
973 2508 1063 2564 inter-
1077 2503 1117 2559 25

48 2595 180 2673 pellatus
207 2595 436 2672 tempestatibus
459 2599 553 2656 serius
576 2598 718 2673 venisses,
746 2614 900 2655 excusares
928 2615 1010 2654 mare
1034 2597 1064 2654 et

50 2684 205 2763 ambiguos
232 2684 321 2745 flatus
349 2687 379 2744 et
405 2684 463 2745 tibi
493 2684 602 2744 bonam
630 2704 751 2745 causam
777 2685 884 2744 babere
912 2684 1063 2758 videreris,

122 2854 278 2924 heuperba
297 2854 359 2922 quis
378 2864 430 2907 BV
497 2861 648 2925 ipossum
665 2865 692 2907 Β
728 2850 787 2908 'et
805 2854 900 2909 Klots:
921 2853 970 2906 sed
988 2875 1010 2905 ω

50 2931 67 2980 b
92 2927 133 2981 et:
152 2926 202 2980 sed
223 2926 284 2981 Obr.
359 2930 392 2979 10
411 2925 527 2996 fligatae
544 2936 578 2994 Β,
603 2941 655 2980 con
673 2937 781 2995 supra
854 2927 928 2978 stare
945 2924 1000 2978 hoc
1017 2933 1069 2978 BV

52 3002 85 3051 11
105 2998 179 3051 certe
198 3010 279 3062 osas
349 2996 456 3062 ferrea
527 2997 664 3052 extundat
681 3007 709 3049 Β
789 3001 821 3050 13
840 2996 915 3049 hunc
932 3011 1021 3064 usque
1039 3005 1067 3050 Β

52 3073 86 3123 14
104 3069 249 3133 tantamc
339 3072 372 3121 16
391 3068 497 3122 istarde
516 3079 549 3135 Β,
568 3070 598 3122 te
616 3079 724 3137 supro
808 3068 879 3121 facit
900 3076 922 3119 V
988 3067 1064 3120 vide-

49 3139 130 3193 licet:
150 3139 258 3193 iudices
277 3149 335 3206 sn,
353 3139 415 3192 iudi
435 3149 467 3193 Β
484 3143 506 3209 (1
523 3141 631 3194 uidcor
649 3140 712 3194 odd.
728 3141 769 3209 m)
838 3143 870 3192 17
890 3155 950 3192 esse
968 3147 996 3192 Β

52 3216 86 3278 18
108 3210 231 3282 ὴίνίεξὺὶ
255 3213 295 3281 (se
317 3211 426 3266 videtur
448 3212 495 3280 er.)
518 3221 539 3264 V
626 3216 658 3264 19
683 3210 801 3264 rationis
824 3219 863 3276 Β,
888 3221 994 3265 corat

51 3287 86 3336 10
106 3281 256 3336 adeone—
268 3282 430 3336 exciderunt
449 3299 498 3337 oce.
514 3292 573 3337 ΒΜ
588 3282 662 3352 (cdo.
677 3285 718 3353 m)
776 3287 808 3335 11
829 3281 1024 3350 obstupuimus
1043 3303 1065 3334 ω

46 3358 158 3424 praeter
176 3361 204 3406 Β
282 3359 315 3407 11
335 3353 372 3406 ad
389 3353 521 3407 ultimum
540 3363 572 3407 Β
645 3353 808 3407 memoriae:
827 3352 961 3406 memoria
980 3354 1023 3405 est
1037 3362 1069 3406 Β

51 3441 107 3513 (vel
121 3442 163 3495 sic
175 3440 306 3496 ultimum
321 3442 410 3496 omnis
424 3443 575 3497 memoriae
587 3484 655 3496 .....
666 3442 736 3496 facit
749 3442 873 3510 sapam)
920 3447 954 3495 14
972 3428 1067 3495 reddit

50 3512 197 3656 ἔςεῑῖᾶὲῒ
210 3523 276 3577 Meo*
352 3519 385 3566 15
404 3515 556 3582 respondet
569 3520 635 3579 Mae
681 3519 744 3573 ,16
763 3513 901 3576 venisses
971 3513 1073 3579 mare}

107 3684 266 3733 varmmrr
277 3694 481 3727 nxoaanarroxns
496 3687 533 3730 ed.
545 3687 689 3730 Labuart.
896 3677 935 3724 Ἦ)
