2430 3952
355 195 590 251 DEGLAMATIO
608 195 673 250 XIII
688 201 765 250 1-2.
1002 192 1068 260 247

53 384 121 426 cum
144 367 208 424 tam
230 366 331 440 parvis
350 365 441 424 etiam
460 365 568 425 divites
591 367 782 439 moveantur,
806 363 942 438 etmihi,
966 383 1069 439 quam-

54 474 153 529 quam·
167 473 259 531 prope
282 453 358 512 nihil
379 455 442 513 iam
463 454 602 513 relictum
625 453 768 529 estquod
790 453 952 529 perderem,
975 453 1001 513 si
1023 457 1069 512 ta-

53 563 122 603 men
140 544 199 602 ista
221 545 343 619 impune
361 542 535 602 sustinenda
552 544 621 617 sint,
635 542 779 603 solacium
798 543 857 601 erit
873 544 950 602 iram
968 544 1068 618 potius

56 651 146 708 qnam
164 633 366 707 contemptum
388 633 463 707 pati.
499 650 553 691 neo
576 651 645 692 sane
668 633 749 691 ritae
772 650 863 691 causa
885 633 947 690 iam
969 649 1069 707 super·

28 723 109 796 sest,
132 723 159 781 si
181 720 220 779 ad
238 722 351 780 ceteras
373 720 554 780 humifitatis
572 722 691 780 nostrae
710 720 905 780 contumelias
924 721 980 780 hoc
999 739 1070 795 quo·

56 829 112 886 que
141 809 276 884 accedat,
302 812 350 884 ut,
378 811 405 868 si
426 810 568 869 habemus
592 808 720 884 aliquid,
746 809 936 887 migrandum
963 811 1016 882 sit,
1044 809 1070 868 si

55 898 246 975 perdidimus,
269 898 435 958 tacendum.
472 918 565 957 unum
580 903 649 973 oro,
672 917 708 957 ne
731 900 780 958 oui
801 900 900 957 minor
923 896 1070 976 dignitate

54 990 156 1047 vestra
178 987 316 1047 videatur
343 1005 433 1048 causa
459 988 523 1047 litis
550 1007 641 1047 meae.
687 989 757 1046 ante
780 989 881 1046 omnia
908 988 987 1046 enim
1010 1005 1070 1046 non

56 1075 169 1137 debetis
189 1078 351 1153 expectare,
369 1076 422 1135 ubi
439 1096 553 1153 pauper
570 1095 681 1154 magna
698 1076 891 1152 perdiderim:
910 1076 961 1137 sed
978 1095 1070 1151 quan-

16 1166 155 1228 rotulum
177 1169 223 1225 est
245 1164 324 1241 quod
347 1165 505 1225 abstulerit
527 1166 602 1224 mihi
625 1165 717 1239 dives,
739 1163 836 1225 minus
860 1165 1004 1240 estquod
1026 1185 1071 1224 re·

55 1255 153 1330 liquit.
200 1256 230 1313 et
256 1257 357 1314 tamen
380 1253 446 1330 quis
472 1254 648 1332 indignatur
673 1273 742 1331 apes
765 1255 893 1314 formula
916 1253 1072 1328 vindicari,

57 1363 124 1404 oum
147 1344 267 1403 venenis
291 1345 383 1402 etiam
405 1343 522 1403 flosculi
543 1341 751 1403 vindicentur?
793 1363 868 1418 quaa
891 1340 1001 1418 tamen,
1026 1345 1070 1401 iu·

56 1432 145 1507 dices,
169 1451 340 1508 quanquam
362 1451 481 1492 eversus
505 1435 536 1491 et
558 1432 595 1491 ab
619 1434 699 1491 omni
718 1451 769 1508 spe
792 1431 922 1491 tuendae
944 1450 1071 1507 pauper·

55 1523 129 1581 tatis
152 1522 299 1596 exclusus,
323 1522 462 1597 aequiore
476 1521 589 1580 >animo
617 1521 718 1580 omnia
740 1521 912 1595 tolerarem,
940 1522 966 1580 si
989 1521 1071 1580 ouius

15 1631 42 1674 15
55 1611 131 1669 mihi
158 1611 290 1670 conscius
319 1611 423 1686 culpae
451 1610 570 1670 etiamsi
595 1611 739 1670 iniustam
765 1628 906 1685 poenam,
933 1611 1072 1668 meritam

54 1702 157 1759 tamen
188 1701 265 1758 iram
301 1699 443 1759 tuIIssem.
490 1699 541 1758 sed
578 1699 828 1774 circumspicienti
860 1700 961 1757 omnia
996 1698 1071 1757 nihil

56 1789 131 1847 mihi
154 1787 232 1848 obici
253 1790 353 1864 potest
376 1807 394 1846 a
416 1788 519 1862 divite,
542 1789 601 1846 nisi
624 1787 704 1863 quod
725 1787 841 1847 vicinus
864 1807 937 1847 sum.

123 1877 179 1936 Est
201 1877 276 1936 mihi
298 1879 454 1953 paternus,
476 1876 602 1951 iudices,
626 1875 753 1954 agellus,
779 1895 850 1936 sane
873 1878 1016 1955 angustus
1040 1878 1071 1934 et
1089 1875 1108 1930 2

55 1985 183 2044 pauper,
214 1984 275 2025 non
301 1967 413 2027 vitibus
443 1967 587 2040 consitus,
614 1984 674 2024 non
701 1966 859 2024 frumentis
886 1967 982 2040 ferax,
1012 1985 1072 2024 non

16 2055 174 2132 ropascuis
197 2055 307 2130 laetus,
335 2056 451 2114 ieiunae
471 2053 559 2114 modo
583 2055 687 2132 glebae
710 2056 800 2130 atque
822 2055 943 2114 humilis
966 2053 1073 2129 thymi,

56 2146 87 2204 et
112 2163 173 2202 non
199 2144 261 2203 late
288 2145 413 2220 pauperi
440 2162 526 2203 casae
553 2145 742 2203 circumiecta
768 2145 923 2220 possessio.
968 2162 1072 2202 verum

56 2233 131 2293 mihi
154 2233 201 2292 vel
228 2234 284 2292 hoc
312 2233 370 2292 fuit
396 2235 567 2311 gratissima
591 2233 670 2308 quod
697 2251 758 2292 non
784 2234 844 2291 fuit
869 2233 959 2310 digna
983 2252 1072 2308 quam

56 2322 140 2381 dives
168 2323 395 2397 concupisceret.
439 2323 472 2380 in
499 2322 556 2382 hoc
583 2341 638 2399 ogo
666 2321 747 2381 vitae
773 2340 857 2380 meae
888 2324 1000 2382 secreto
1027 2341 1071 2380 re·

56 2413 156 2471 motus
175 2429 199 2469 a·
211 2411 343 2470 tumultu
362 2411 494 2471 civitatis
516 2410 647 2488 ignobsse
670 2430 779 2470 aarum
798 2429 885 2488 agere
906 2412 1013 2487 procul
1036 2409 1073 2468 ab

16 2521 43 2564 ro
57 2499 173 2560 ambitu
196 2502 227 2559 et
249 2502 331 2559 omni
357 2501 479 2560 maioris
507 2501 644 2559 fortunae
672 2499 837 2576 cupiditate
865 2500 1007 2558 constitui
1035 2501 1073 2574 ct,

57 2589 129 2648 dum
156 2589 282 2648 molesta
309 2589 375 2667 logo
402 2591 527 2647 naturae
554 2591 696 2648 transiret
723 2591 819 2662 aetas,
842 2590 938 2647 vitam
960 2588 1072 2646 fallere.

56 2679 113 2738 hoc
144 2678 219 2736 mihi
250 2679 410 2753 parvulum
441 2680 539 2737 terrae
569 2679 600 2736 et
630 2677 752 2736 humilis
783 2676 898 2755 tugurii
928 2677 1074 2734 rusticum

57 2767 175 2826 culmen
198 2769 333 2843 aequitas
361 2766 454 2826 animi
476 2785 569 2844 regna
591 2767 716 2840 fecerat,
744 2767 875 2839 satisque
900 2765 1074 2824 divitiarum

130 3045 326 3114 lmovccgtur
344 3045 373 3113 (n
391 3044 438 3112 er.)
453 3052 486 3096 Μ
555 3042 707 3111 ‘ldignate
725 3051 794 3108 ΒΜ,
814 3041 837 3095 it
854 3059 930 3110 supr.
944 3051 1003 3095 Bm

57 3117 198 3182 8vastra3
217 3131 234 3170 a
252 3116 284 3169 ia
297 3132 351 3169 ras.
367 3123 400 3167 Μ
478 3113 575 3168 aubi:
595 3115 662 3167 ute
742 3117 774 3167 11
794 3115 906 3166 atamen
920 3123 947 3165 Β
1018 3111 1112 3166 for·'

56 3185 164 3240 mulam
177 3195 216 3254 Β;
234 3185 355 3240 formula
368 3184 464 3240 haam
517 3191 550 3239 12
568 3185 646 3239 vanis
660 3193 682 3236 V
731 3184 830 3239 ctiam:
850 3185 879 3237 et
892 3194 925 3252 P,
940 3200 1038 3245 corma

58 3273 132 3327 quac
150 3259 259 3326 sorc‘pae':
279 3258 355 3325 quod
374 3279 396 3310 ω
415 3257 501 3327 (quod
519 3258 615 3311 tamen
629 3283 663 3302 =
678 3257 804 3311 attamen
822 3257 912 3325 Desa.)
986 3260 1018 3308 13
1037 3270 1074 3322 pe

58 3337 97 3396 M,
116 3345 129 3382 s
147 3345 221 3398 supr.
236 3350 268 3381 m
341 3334 374 3382 14
393 3327 488 3382 omnia
506 3341 587 3391 oras
660 3332 693 3380 18
712 3326 816 3396 agilius
836 3327 895 3380 sine
914 3335 948 3392 B,
972 3336 1074 3381 corre

59 3405 93 3455 19
111 3399 284 3454 frumentio
353 3404 386 3453 21
406 3399 539 3469 pauperis
558 3408 590 3452 M
659 3405 692 3452 22
711 3397 783 3452 haec
803 3397 851 3453 Gr.
925 3403 958 3451 23
982 3396 1072 3451 dives:

57 3522 167 3578 pauper
184 3516 206 3559 V
273 3522 339 3576 ergo
358 3514 380 3557 V
447 3486 511 3560 niae
529 3515 558 3558 Β
628 3510 662 3559 24
686 3489 840 3577 attumultu
857 3515 886 3558 Β
956 3509 990 3558 21)
1009 3520 1074 3557 oon·

57 3578 158 3650 stimi}
176 3587 204 3632 Β
256 3584 289 3632 26
308 3577 381 3631 vitas
395 3587 423 3629 Β
472 3581 504 3631 27
523 3575 645 3647 tuguriis
659 3585 694 3644 Β,
713 3595 725 3631 s
743 3576 826 3630 delo
876 3581 911 3629 28
928 3574 1081 3627 lacerati·
