2430 3952
132 199 196 263 160
441 197 572 251 cauno
590 196 832 251 innovamus

131 367 261 427 ciborum
290 364 547 440 fomentorumque
578 367 735 424 novitates.
782 360 914 439 ‘nescio',
942 365 1054 440 inquit,
1080 361 1146 424 ‘sed

132 459 158 515 si
180 457 347 532 permiseris
371 455 493 514 alterius
517 456 631 530 aperire
650 455 764 529 vitalia,
787 458 890 529 pectus
911 455 1075 532 effringere,
1098 475 1145 514 re·

131 545 262 617 medium
288 545 424 604 fortassis
451 539 622 602 inveniam?
667 543 729 602 iam
761 546 916 602 excusatus
949 562 992 618 es,
1022 544 1146 619 medice,

132 635 234 704 matri;
259 635 393 710 sperasti,
416 653 453 691 ne
475 633 532 691 tibi
555 633 729 692 crederetur.

198 723 311 781 Differo
333 723 486 798 paulisper
509 722 588 797 quod
611 722 646 779 de
669 721 820 797 fratribus,
847 722 925 797 quod
949 721 985 779 de
1009 724 1146 799 geminis,
1173 742 1186 782 s

134 812 212 888 quod
234 813 321 887 pater
343 813 399 870 hoc
421 812 496 869 facit
518 830 578 869 non
599 813 800 870 consentiente
822 813 927 886 matre,
950 812 1069 885 publico
1092 830 1146 886 po-

131 903 191 960 tius
215 901 408 961 mortalitatis
433 900 577 959 contendo
599 899 718 958 nomine
740 919 800 958 non
821 901 926 958 debere
948 918 1040 976 genus
1063 901 1148 959 istud

133 991 297 1048 curationis
316 989 444 1047 admitti.
481 991 636 1063 peractum
655 991 699 1048 est
717 989 800 1047 volut
823 989 859 1047 de
882 1008 987 1066 genere
1006 989 1147 1065 humano,

134 1082 160 1138 si
182 1078 266 1138 nobis
289 1097 343 1153 pro
367 1079 462 1136 salute
482 1079 563 1154 aegri
584 1096 658 1152 opus
682 1080 727 1136 est
749 1080 844 1136 morte
867 1078 994 1136 hominis
1013 1079 1148 1155 alterius,

135 1171 164 1227 et
191 1186 284 1243 paene
311 1168 389 1225 ratio
418 1166 556 1225 sanitatis
583 1167 746 1240 intercidit,
776 1167 802 1226 si
825 1169 972 1226 consumit
999 1167 1188 1227 medicinam

133 1257 317 1315 tantundem.
357 1275 411 1333 ego
435 1274 614 1330 quemquam
632 1256 777 1315 dicentem
796 1257 902 1314 feram:
927 1251 973 1314 ‘ut
994 1256 1149 1315 inveniam

134 1345 315 1404 valetudinis
344 1364 461 1419 causas,
489 1345 558 1404 date
586 1345 660 1402 mihi
687 1363 792 1420 corpus
821 1345 915 1420 aliud,
944 1344 1003 1403 alia
1030 1346 1148 1421 vitalia,

135 1434 274 1494 occidam.
311 1433 416 1493 deinde
440 1435 583 1494 salutaria
607 1423 756 1510 quaeram,
779 1435 937 1509 profutura
959 1431 1146 1494 meditabor.'

134 1527 179 1583 ita
201 1543 261 1582 non
283 1524 401 1583 facilius
426 1526 471 1582 est
492 1541 579 1582 nosse
601 1521 796 1600 languorem?
841 1542 916 1598 quae
938 1523 1012 1582 haec
1034 1525 1080 1581 est
1103 1526 1149 1581 in-

134 1612 279 1689 pudentia
302 1612 521 1672 crudelissimae
539 1609 688 1671 vilitatis?
724 1631 847 1689 aegrum
869 1613 983 1688 placuit
1006 1613 1149 1687 occidere,
1164 1633 1189 1673 ro

136 1697 170 1760 ut
192 1703 384 1776 inveniretur,
408 1721 460 1760 cur
482 1721 542 1760 non
566 1701 715 1760 debuisset
737 1700 838 1759 occidi.
876 1702 1001 1776 nullum,
1024 1703 1149 1762 sanctis·

136 1792 204 1851 simi
226 1792 350 1866 iudices,
378 1794 486 1850 natura
507 1791 678 1849 morborum
703 1809 795 1867 genus
819 1789 889 1849 solis
913 1790 1074 1849 visceribus
1099 1792 1151 1850 ab·

137 1880 260 1954 scondit,
284 1883 315 1938 et
337 1879 479 1955 quicquid
501 1898 605 1938 causas
623 1879 803 1938 valetudinis
826 1880 862 1936 de
881 1879 1023 1938 vitalibus
1046 1880 1149 1955 trahit,

136 1972 168 2026 in
191 1988 296 2044 corpus
321 1971 448 2027 emanat.
494 1969 562 2027 iude
585 1968 691 2042 pallor,
717 1967 785 2026 inde
807 1970 917 2027 macies
941 1969 1019 2043 quod
1044 1969 1081 2027 ud
1103 1971 1149 2026 in-

136 2057 275 2116 teriorem
294 2058 425 2116 dolorem
444 2058 631 2132 superposita
650 2058 845 2116 consentiunt.
882 2076 941 2115 non
959 2057 1078 2117 invenio
1097 2076 1151 2117 cur
1164 2079 1191 2118 ao

136 2147 287 2204 hominem
299 2147 472 2204 vulneribus
487 2148 633 2221 exquiras,
652 2165 704 2204 cur
721 2146 851 2204 remedia
871 2165 987 2221 quoqne
1005 2148 1149 2207 vitalibus

136 2255 190 2311 per
222 2254 327 2310 corpus
359 2235 494 2294 inmittas
525 2238 554 2294 et
586 2238 618 2293 in
649 2236 776 2294 latentes
808 2237 923 2294 meatus
953 2230 1048 2314 (per)
1077 2236 1151 2295 haec

138 2324 244 2399 quibus
267 2325 405 2402 tegimur,
427 2325 574 2383 medicina
597 2324 762 2383 descendat.
800 2343 853 2382 cur
875 2343 945 2401 ergo
968 2343 1029 2383 non
1047 2325 1152 2385 eadem

136 2415 253 2472 ratione
272 2415 399 2490 languor
418 2413 551 2472 admittit
569 2414 753 2472 intellectum
768 2433 827 2488 qua
846 2412 1026 2473 sanitatem?
1048 2415 1152 2489 prodit

139 2504 256 2562 abditos
278 2503 499 2579 profundosque
522 2502 639 2561 morbos
663 2505 716 2560 aut
738 2502 858 2561 citatior
881 2503 974 2561 clausi
996 2506 1151 2580 sanguinis
1166 2525 1193 2565 aa

138 2611 240 2652 cursus
264 2594 317 2651 aut
339 2592 468 2650 crebrior
491 2593 638 2651 anhelitus
661 2591 824 2650 laborantis
848 2593 972 2649 animae.
1010 2593 1095 2651 crede
1115 2593 1152 2651 de

138 2684 185 2741 his
209 2685 277 2740 aute
303 2684 402 2740 omnia
426 2681 571 2755 sensibus,
600 2681 692 2739 oculis
715 2681 789 2755 tuis,
813 2683 842 2739 at
863 2682 958 2756 ipsos,
984 2681 1152 2756 dequibus

140 2774 249 2848 agitur,
272 2770 360 2829 modo
379 2771 521 2848 singulos,
544 2769 632 2829 modo
654 2772 768 2845 pariter
789 2770 941 2847 interroga
960 2773 1008 2828 cui
1030 2771 1152 2845 potissi-

211 2912 290 2958 4me
309 2905 397 2975 P(c?)
462 2910 478 2958 6
496 2903 589 2957 facere
608 2914 641 2969 P,
660 2921 727 2959 corr.
741 2925 762 2965 ρ
825 2909 842 2957 8
860 2905 1018 2972 peractum:
1037 2905 1154 2972 pactum

141 2986 178 3044 1³3
197 2976 342 3030 factums
395 2974 930 3030 humanosinobis:-osinicras.11
982 2975 1152 3030 thominis:

141 3065 210 3130 opus
229 3059 253 3100 J
332 3053 364 3101 10
383 3047 529 3101 interdicit
545 3056 580 3130 p,
602 3058 703 3129 corno
785 3052 817 3100 12
837 3046 1000 3099 valitudinis
1018 3055 1082 3110 mc

141 3119 406 3244 tmttttt,
426 3118 895 3261 ,tttflllttaattst
913 3121 1106 3242 metalli·
1123 3122 1153 3189 ⁹)

142 3319 175 3367 19
195 3280 336 3368 iteriorem
354 3324 375 3366 v
426 3321 459 3369 22
478 3331 529 3384 per
546 3314 610 3368 cdd.
626 3326 654 3384 ἴς
673 3331 723 3369 cm.
740 3336 762 3366 ω
817 3319 850 3368 23
870 3295 978 3384 er3015
1031 3319 1154 3382 acqua:

141 3385 191 3454 qui
210 3395 272 3452 ΒΜ,
291 3403 359 3440 corr.
374 3407 406 3437 m
496 3392 529 3439 25
549 3387 599 3438 aut
617 3385 742 3440 citatior:
763 3387 880 3440 autom.
900 3395 921 3437 V
1007 3384 1110 3439 clausis
1129 3395 1158 3439 B

142 3461 175 3510 26
196 3457 330 3511 crebrior:
350 3457 411 3510 brio
430 3460 462 3511 ic
479 3474 533 3512 ras.
547 3466 576 3510 Β
627 3456 769 3510 hanelitua
789 3470 804 3520 c
856 3456 1011 3510 laborantis
1031 3457 1156 3511 ostendit

782 3544 798 3581 o

143 3583 253 3648 animae
273 3581 350 3650 M31.
373 3598 396 3635 a.
416 3582 560 3635 indicate
631 3586 665 3635 28
685 3580 803 3650 singulis
822 3592 849 3634 Ρ
