2430 3952
130 177 194 242 138
434 176 636 231 TORMENTA
653 176 830 233 PAVPERIS

127 348 222 423 pater,
246 365 312 405 cum
335 345 414 405 solus
436 346 492 405 hoc
515 347 597 405 sciat.
634 347 758 422 fallitur,
780 346 906 421 iudices,
930 348 1064 422 quisquis
1082 346 1140 407 hoe

129 435 209 510 quod
226 435 355 511 postulo,
373 437 582 510 contemptum,
601 437 735 510 quisquis
754 436 909 519 audaciam
927 438 1022 495 vocat.
1059 435 1139 496 filius

128 525 203 598 urit,
227 524 371 602 exagitat,
395 527 425 584 et
446 525 525 584 inter
546 527 696 584 tormenta
709 525 800 604 ‚fugio
824 525 963 584 dolorem.
1009 525 1035 582 si
1057 544 1139 584 men-

126 613 231 672 tientis
254 616 300 672 est
321 613 398 672 velle
419 614 565 690 torqueri,
587 614 720 673 invenite
743 613 815 689 quid
837 615 934 673 facere
956 612 1063 672 debeat
1087 614 1140 689 qui

127 720 231 761 rerum
254 701 327 761 dicit
349 704 380 762 et
401 721 461 761 non
483 702 598 778 probat.
1166 725 1177 765 s

194 791 344 866 Mentiris,
370 793 476 866 inquit.
521 791 595 850 bene
623 791 702 866 quod
729 795 759 850 et
789 794 824 849 tu
855 792 958 851 fateris
986 810 1045 849 non
1076 808 1139 850 esse

127 880 203 938 mihi
221 882 283 940 sine
302 881 474 955 quaestione
492 879 675 939 credendum.
714 883 745 938 et
762 898 845 956 quas,
867 879 1035 956 perfidem,
1057 899 1139 939 men-

128 967 213 1028 dacio
242 987 307 1028 meo
339 986 444 1028 causas
477 969 558 1028 dives
588 967 748 1047 adsignas?
792 971 897 1047 ignoro
929 986 1138 1045 percussorem.

127 1057 233 1116 deinde
256 1060 286 1116 te
307 1057 504 1132 potissimum,
527 1056 562 1114 de
582 1076 640 1133 quo
664 1077 808 1133 quererer,
832 1058 917 1136 elegi.
954 1077 993 1117 an
1016 1059 1086 1132 scie,
1109 1061 1140 1117 et

126 1145 329 1205 simultatibus
352 1148 460 1205 nostris
484 1149 666 1206 occasionem
684 1147 822 1206 orbitatis
845 1145 1004 1224 indulgeo?
1040 1146 1139 1222 decipi
1154 1170 1178 1209 ro

88 1311 91 1315 ι
126 1254 174 1293 me
201 1253 260 1293 non
287 1235 418 1310 potuisse
445 1235 637 1294 manifestum
665 1238 717 1295 est.
762 1236 840 1294 filius
867 1253 963 1309 meus,
991 1255 1058 1295 cum
1084 1256 1138 1311 pa-

127 1324 200 1382 riter
230 1323 405 1398 rediremus,
437 1325 549 1384 occisis
581 1326 633 1384 est.
686 1343 724 1383 an
756 1324 906 1384 dinoscere
937 1343 1138 1400 percussorem

126 1415 213 1472 nocte
240 1430 299 1472 non
326 1413 425 1489 potui,
449 1431 517 1472 cum
538 1431 693 1489 percussor
715 1414 847 1489 potuerit
870 1415 992 1491 eligere,
1014 1412 1138 1491 fugere?

129 1501 200 1576 quid
222 1500 288 1560 ais?
331 1501 469 1561 iuvenem
490 1522 589 1561 meum
612 1502 689 1562 alius
712 1502 829 1578 occidit,
853 1505 883 1561 et
904 1506 939 1561 tu
960 1503 1036 1561 mihi
1058 1503 1136 1562 sola-

127 1592 205 1651 cium
228 1591 351 1650 ultionis
373 1589 500 1667 imples?
535 1593 565 1650 te
584 1609 689 1650 accuso
707 1592 828 1667 scilicet,
846 1594 881 1649 ut
898 1592 1019 1650 interim
1036 1593 1177 1654 nesciere

128 1681 194 1755 quis
217 1680 268 1739 ille
291 1680 397 1758 fugiat,
420 1680 535 1739 evadat.
582 1678 661 1756 quod
682 1683 718 1739 tu
739 1681 813 1739 mihi
836 1699 928 1758 genus
953 1681 1062 1740 furoris
1086 1681 1137 1739 ad-

127 1771 236 1847 signas,
258 1771 293 1827 ut
315 1770 436 1828 maximi
459 1769 576 1829 sceleris
598 1769 674 1828 ultio
697 1772 799 1845 pereat
821 1770 916 1829 falsae
938 1771 1136 1829 accusationis

126 1855 260 1917 incerto?
304 1858 392 1918 homo
419 1859 472 1933 qui
498 1877 546 1917 me
572 1859 680 1918 vidisse
708 1858 866 1933 contendo,
896 1877 963 1917 cunr
990 1858 1136 1919 occideres

126 1945 222 2004 filium
244 1965 351 2021 meum,
373 1947 432 2006 nisi
450 1947 487 2006 de
506 1950 537 2007 te
555 1947 698 2022 vindicor,
721 1965 781 2006 non
798 1948 906 2022 reliqui
923 1949 1006 2022 mihi,
1029 1950 1064 2006 ut
1079 1947 1137 2006 hoc

128 2034 163 2093 de
187 2035 254 2094 aliis
277 2035 440 2110 probarem.
1150 2057 1177 2097 sc

87 2144 109 2199 p
195 2120 220 2181 Ο
243 2125 273 2182 te
296 2126 380 2182 exim
403 2142 502 2184 omnes
524 2125 721 2185 humanorum
743 2127 896 2200 pectorum
915 2125 1057 2200 adfectus,
1080 2127 1136 2184 ini-

126 2213 210 2286 mice,
234 2213 409 2288 sepositum,
431 2233 509 2272 nunc
533 2214 585 2289 qui
606 2233 653 2273 me
675 2215 763 2290 putas
785 2232 870 2289 posse
892 2215 1025 2273 mentiri!
1071 2233 1137 2290 per·

126 2301 190 2359 didi
211 2301 316 2359 infelix
338 2301 425 2361 illum
448 2303 591 2362 cariorem
612 2302 793 2378 pauperibus
816 2302 973 2362 adfectum.
1019 2321 1136 2362 succur-

125 2409 190 2450 rere
212 2390 286 2449 mihi
308 2392 406 2467 putas,
429 2391 509 2467 quod
532 2392 693 2467 aliquando
711 2390 906 2452 dissedimus?
942 2393 1064 2467 falleris,
1087 2393 1136 2451 de-

127 2480 242 2556 ciperis.
277 2478 405 2539 hominis
425 2480 508 2540 cuius
526 2482 639 2540 occisus
658 2483 702 2542 est
720 2480 807 2555 filius,
830 2500 906 2539 unus
924 2481 1062 2541 inimicus
1081 2484 1135 2541 est.
1150 2502 1176 2542 ss

125 2569 314 2651 sene-possit
336 2569 445 2644 aliquis
467 2570 544 2629 hane
563 2569 674 2630 doloris
693 2568 960 2630 dissimulationem
982 2569 1136 2630 mendacio

126 2660 256 2735 perferre
280 2657 450 2718 verborum:
478 2652 623 2734 ‘torqueri
650 2655 737 2718 volo'
783 2658 859 2718 nihil
887 2661 932 2719 est
958 2661 1050 2734 tanti,
1078 2662 1136 2720 nisi

126 2767 237 2806 verum.
282 2747 421 2807 videlicet
446 2748 526 2806 inter
552 2749 635 2826 ignes
658 2766 692 2806 ac
719 2748 838 2825 flagella
860 2747 970 2808 sufficit
992 2749 1080 2822 mihi,
1110 2751 1136 2808 si

126 2835 240 2896 dixere:
264 2830 324 2895 ‘hic
346 2839 391 2897 est
412 2837 563 2912 inimicus,
586 2838 693 2912 anime,
717 2837 770 2911 qui
791 2837 876 2897 nobis
899 2836 1022 2897 subinde
1044 2839 1135 2898 male·

198 3065 302 3129 'lquas
321 3075 371 3129 per
391 3071 418 3114 s:
439 3075 496 3128 qua
514 3074 563 3128 spe
581 3080 603 3111 ω
671 3058 838 3129 Sedsignas
856 3068 885 3112 B
947 3065 979 3114 12
999 3076 1048 3114 an:
1066 3078 1086 3113 n
1104 3062 1136 3115 ia

125 3147 179 3186 ras.
199 3138 227 3184 Β
298 3136 331 3184 13
354 3131 490 3200 potnerit:
512 3129 607 3200 potuit
623 3138 648 3184 J
718 3135 751 3184 14
774 3129 835 3200 agis
853 3139 882 3183 Β
953 3136 985 3184 15
1009 3133 1049 3185 te:
1073 3133 1136 3186 tia

125 3218 180 3256 ras.
195 3209 223 3255 Β
294 3207 326 3255 17
351 3202 506 3256 occasionis
523 3211 563 3270 Β,
586 3210 686 3257 corat
759 3205 792 3254 18
814 3200 910 3255 homo:
933 3216 1025 3267 nons
1095 3203 1136 3257 vi-

126 3307 214 3362 disset
230 3317 259 3361 15
321 3313 354 3361 19
372 3310 406 3361 ut
422 3325 473 3363 om.
488 3318 521 3376 P,
539 3324 614 3378 supr.
627 3330 649 3370 p
703 3313 736 3361 23
755 3288 914 3361 succurrere
932 3317 965 3362 rr
1025 3315 1059 3362 24
1079 3309 1136 3364 dis-

126 3378 250 3433 oedimus
272 3388 298 3462 11
380 3385 412 3434 27
436 3378 560 3448 proferre
582 3381 623 3434 eet
644 3378 786 3449 praeferre
806 3379 861 3432 Bae.
951 3380 1025 3449 {nisi
1048 3390 1069 3432 V

125 3490 160 3610 {g
178 3485 271 3568 ignes:
289 3468 370 3611 1ςιξιιοε
388 3486 414 3555 (e
432 3503 466 3540 cc
483 3485 504 3556 i)
517 3495 557 3554 133
575 3486 666 3540 omnis
684 3495 725 3553 ης
743 3500 839 3540 omnes
857 3495 881 3538 J
939 3467 1091 3556 biflagella
1108 3497 1137 3541 Β

180 3572 290 3612 ammae
