2430 3952
341 211 577 268 Decumum
596 211 673 267 xvn
688 217 801 268 rs-ru
1017 212 1083 277 313

63 382 182 442 trutina
205 381 320 457 aliquid
343 381 493 455 attulerit,
517 381 652 458 quisquis
674 381 876 456 maledixerit,
898 383 1082 442 conviciatus

64 471 158 529 fuerit
175 468 300 530 absenti.
338 489 393 548 ego
416 470 517 530 sihoc
534 489 657 548 possum
674 472 761 545 ferre,
783 472 886 530 merui.
932 472 995 530 alia
1013 473 1083 530 sunt

66 559 190 619 adversa
213 559 344 635 quaeda
363 561 586 619 continuatione
605 561 653 620 sui
670 560 851 637 patientiam
867 562 985 636 parant,
1005 579 1083 635 quae

66 648 176 707 durant
206 648 390 708 adsiduitate
424 648 604 724 firmantque
635 651 773 708 mentem.
819 649 905 725 quod·
935 652 965 708 te
997 652 1084 725 pater

39 737 176 813 sederit,
199 737 307 797 cotidie
330 757 443 797 novum
466 741 517 798 est.
563 739 662 797 minua
685 738 821 798 fortassis
844 742 933 798 urant
955 739 1084 798 invicem

65 827 235 887 simultates
249 830 279 886 et
296 827 410 886 mutuis
425 825 671 887 detestationibus
685 828 783 887 invisa
801 827 957 904 respirent.
983 825 1085 886 odium

64 917 92 974 is
114 918 234 974 tantum
256 915 335 975 lilius
353 917 484 992 perferre
502 917 615 993 poterit
634 918 685 992 qui
704 919 734 975 et
756 916 821 993 ipse
839 917 937 976 oderit
958 918 1084 992 patrem.

65 1023 118 1064 vos
131 1024 229 1080 nunc,
250 1005 371 1080 iudices,
393 1006 548 1065 universos
572 1007 645 1081 quin
667 1007 758 1065 immo
780 1006 921 1066 mortales
943 1003 1138 1064 infelicis-14

66 1093 158 1152 simus
181 1094 296 1154 iuvenis
319 1096 472 1171 interrogo
496 1094 568 1170 quid
590 1114 638 1153 me
660 1096 758 1154 facere
781 1093 896 1154 vultis?
942 1095 1085 1171 explicuit

11 1204 53 1247 ro
66 1201 120 1242 nos
143 1184 206 1243 sine
229 1183 319 1242 dubio
344 1182 380 1242 de
404 1183 576 1242 criminibus
599 1185 696 1243 exitus
724 1184 803 1259 quod
826 1183 981 1243 absolutus
1011 1204 1085 1259 sum,

64 1274 169 1331 tamen
191 1291 251 1331 non
273 1272 330 1330 hoc
353 1272 463 1346 effecit,
485 1292 522 1331 ne
545 1275 621 1331 mori
643 1273 743 1347 velim,
766 1272 817 1332 sed
840 1276 876 1331 ut
898 1272 979 1332 mihi
996 1274 1086 1332 liceat

68 1362 100 1418 et
120 1361 229 1420 vivere.
265 1363 364 1420 victus
387 1379 454 1420 sum
476 1361 556 1420 enim
576 1361 767 1436 mehercules,
790 1363 888 1421 victus
911 1381 986 1437 sum,
1008 1362 1084 1421 iudi-

68 1467 129 1525 ces,
157 1449 393 1510 absolutionibus
420 1451 508 1525 meis,
536 1452 580 1525 et,
604 1468 680 1526 quae
708 1449 874 1509 certissima
901 1454 946 1510 est
969 1452 1085 1510 animae

68 1538 234 1598 laborantis
256 1537 430 1614 infirmitas,
452 1541 562 1598 misera
584 1539 729 1599 felicitate
752 1539 853 1598 defeci.
900 1559 988 1615 quern
1010 1540 1086 1598 mihi

26 1646 53 1689 rs
67 1628 187 1686 vultum
204 1628 326 1686 domum
343 1646 471 1703 reverso,
486 1647 574 1703 quem
592 1628 724 1687 suadetis
743 1626 896 1688 animum?
923 1647 983 1688 non
1001 1628 1086 1688 decet

68 1716 214 1794 gaudium
240 1735 302 1790 me,
331 1735 472 1794 exaspero
498 1716 666 1791 hilaritate,
692 1716 808 1776 offendo
830 1717 969 1777 tristitia:
997 1720 1084 1795 capto

68 1824 246 1880 sermonem,
271 1798 393 1865 ¹invisus
421 1825 500 1882 sum,
536 1808 692 1882 tamquam
725 1806 903 1884 adroganter
933 1807 1083 1867 insultem.

68 1894 179 1954 doloris
203 1913 294 1954 causa
316 1894 407 1971 dicor,
431 1897 458 1954 si
480 1895 602 1972 propius
625 1896 767 1971 aspiciar,
789 1896 901 1970 videor,
925 1897 951 1954 si
972 1895 1085 1970 recedo,

68 1986 262 2044 contemnere.
309 2003 462 2060 quousque
484 1982 657 2043 vincemus?
701 1985 837 2044 nesciunt
859 2003 979 2062 prorsus
1004 1984 1085 2043 abdi·

27 2072 236 2132 notationibus
258 2073 371 2132 mederi
393 2074 446 2148 qui
467 2092 529 2133 non
552 2074 656 2133 statim
679 2073 795 2149 cedunt,
818 2075 872 2149 qui
890 2074 1086 2134 conscientiae

66 2180 141 2222 suae
163 2162 261 2240 rigore
285 2164 431 2221 nituntur.
476 2181 537 2221 non
558 2162 691 2222 vincitur
713 2165 808 2239 pater,
830 2182 890 2222 non
913 2182 978 2223 sum
1002 2164 1085 2223 abso-

68 2252 164 2327 lutus,
187 2269 255 2310 cum
277 2251 399 2310 domum
416 2252 494 2326 veni,
517 2271 603 2310 nemo
615 2271 669 2311 me
688 2252 797 2330 diligit,
819 2271 907 2312 nemo
924 2255 1085 2312 reveretur.

67 2342 130 2399 iam
154 2340 192 2398 ad
214 2357 268 2400 nos
292 2341 328 2399 de
355 2341 513 2417 penatibus
540 2340 602 2400 illis
624 2360 685 2400 non
708 2343 859 2417 pertinent
883 2341 942 2400 nisi
964 2344 1086 2414 secreta,

68 2430 129 2488 nisi
151 2430 291 2491 latebrae.
337 2448 397 2488 non
419 2448 507 2503 exuo,
530 2448 590 2488 non
613 2429 728 2506 depono
751 2431 864 2505 sordes,
889 2431 1016 2489 etmihi
1039 2448 1086 2487 co-

25 2537 54 2578 ss
69 2517 144 2578 tidie
172 2537 260 2578 senex
282 2520 439 2593 tamquam
463 2521 653 2578 accusatruus
682 2519 816 2578 occurrit.
864 2517 985 2577 attendo
1014 2517 1087 2592 quid

69 2608 194 2683 faciam,
218 2606 290 2682 quid
312 2607 427 2682 loquar,
451 2607 548 2682 qualis
572 2609 709 2684 aspicias,
737 2611 780 2682 et,
804 2606 883 2682 quod
905 2607 1086 2683 malignissi-

68 2717 152 2756 mum
178 2698 225 2756 est
251 2695 461 2755 sollicitudinis
489 2715 595 2773 genus,
623 2715 669 2754 me
691 2697 756 2772 ipsc
779 2694 921 2754 custodio.
968 2694 1087 2755 satiasti

68 2806 131 2862 me,
153 2787 230 2861 vita,
255 2786 388 2859 satiasti,
416 2786 446 2843 et
469 2803 536 2842 oum
557 2784 695 2844 felicibus
719 2802 835 2860 quoque
858 2784 961 2843 veniat
983 2802 1019 2842 ex
1041 2784 1085 2843 ni·

69 2875 131 2934 mia
158 2873 365 2952 prosperitatis
394 2874 617 2932 continuatione
644 2874 813 2947 fastidium,
845 2872 926 2948 quod
953 2873 1086 2931 taedium

142 3121 158 3168 1
177 3114 304 3184 quisquis
319 3113 491 3168 conviciatus
506 3123 538 3167 Μ
589 3118 605 3166 3
625 3129 698 3183 quae
717 3130 767 3168 om.
778 3123 816 3181 Β,
835 3130 909 3183 supr.
922 3135 965 3181 m3
985 3113 1034 3182 qui
1048 3124 1086 3180 P3

70 3203 125 3255 que
144 3196 164 3239 s
224 3192 239 3240 6
259 3186 424 3240 simulantes
442 3195 501 3239 ΒΜ
517 3185 571 3256 (vel
590 3184 748 3239 simultates
766 3186 799 3239 irc
816 3202 902 3268 marg.
916 3188 971 3256 m);
991 3185 1086 3239 simul·

69 3253 207 3313 tanteess
277 3263 308 3311 11
329 3257 455 3311 efficitv
524 3261 557 3309 12
578 3273 623 3310 mc
661 3256 762 3310 crculis
780 3266 809 3310 Β
878 3257 1087 3321 1udicesom.52

71 3335 105 3383 14
123 3330 196 3383 mira
214 3338 252 3397 Β,
271 3346 339 3385 corr.
353 3351 385 3382 m
438 3328 633 3396 felicitateque
650 3327 707 3382 feci
724 3338 746 3380 V
797 3334 942 3383 lerneam
960 3349 998 3397 ως
1017 3345 1087 3384 corr.
1132 3344 1140 3355 ‘

73 3402 136 3457 our.
201 3406 233 3453 17
254 3401 428 3471 adrogantur
444 3409 474 3453 Β
544 3404 577 3453 18
597 3399 637 3467 sic
655 3400 755 3454 recedo
773 3409 802 3453 Β
872 3406 906 3453 24
924 3398 984 3466 lata
1002 3399 1087 3453 ebrae

68 3481 98 3525 Β
151 3488 240 3556 cauno
258 3481 280 3523 V
330 3478 364 3525 25
384 3473 525 3526 senectam
544 3487 629 3541 quam
647 3481 706 3525 ΒΜ
755 3466 791 3525 17
810 3471 873 3542 ipso
890 3480 943 3524 BV
958 3474 1036 3541 (corr.
1051 3473 1092 3540 Β)Ι

70 3603 105 3652 28
124 3561 177 3651 ninii
190 3606 218 3650 Β
289 3601 323 3650 19
343 3596 567 3651 continuationes
585 3606 607 3648 V
