2430 3952
122 194 164 257 14
456 191 585 247 PARIES
604 190 799 247 Panuauvs

120 380 207 421 verca
230 361 321 436 istud,
343 380 470 421 noverca
492 363 601 421 securis
621 362 777 436 conposuit
794 360 897 436 oculis,
920 361 975 420 illa
992 360 1138 421 miserum

121 451 225 509 dextra
243 452 417 528 sanguinem
439 450 514 510 tulit
534 453 564 510 et
585 469 707 509 manum
725 449 849 510 subinde
867 450 1030 510 renovavit.
1068 450 1136 527 pal-

120 543 218 599 matus
243 542 287 599 est
309 541 416 616 paries,
439 540 530 599 habet
553 540 735 616 distantiam,
758 541 847 598 vacat
865 539 980 614 aliquid
998 538 1066 614 loci,
1088 540 1136 599 in·

119 633 238 706 tegmm
270 627 379 705 ubique
411 630 573 707 vestigium
605 630 665 687 ests
702 646 804 687 caecus
840 647 946 688 manus
982 629 1136 688 traxisset.

121 736 230 794 quaero
251 737 337 794 nunc,
360 717 438 777 unde
457 721 576 776 tentum
594 717 748 794 sanguinis
766 718 798 775 in
815 715 928 775 manu?
962 719 1034 777 tunc
1053 718 1136 776 enim
1165 738 1177 780 s

120 826 155 865 ex
183 808 264 866 omni
290 808 412 867 vulnere
441 825 526 866 cruor
552 807 675 883 profluit
703 810 733 866 et
760 805 933 881 effunditur,
966 823 1033 865 cum
1059 807 1136 865 ferri

118 899 267 955 recentem
288 897 368 955 viam
396 896 537 970 sequitur.
584 898 617 955 at
639 896 776 971 quotiens
804 894 906 954 eodem
931 913 989 970 quo
1017 894 1135 954 factum

120 989 174 1059 est,
197 985 327 1044 cluditur
343 985 415 1060 telo,
433 985 509 1043 latet
526 988 592 1043 tota
610 986 715 1043 mortis
733 983 854 1044 invidie.
891 986 1047 1060 praeterea
1064 1002 1135 1043 cum

119 1092 224 1133 manus
248 1093 282 1132 ex
304 1077 469 1150 parteque
490 1074 623 1149 palmare
642 1073 802 1150 vestigium
824 1073 933 1148 potest,
954 1072 1082 1149 plicetur
1099 1074 1134 1132 in

119 1163 226 1238 capulo
250 1164 280 1221 et
298 1181 337 1240 se,
361 1162 432 1221 dum
449 1163 544 1221 telum
561 1165 695 1238 occupet,
718 1161 848 1236 claudat,
872 1180 990 1221 necesse
1008 1163 1064 1236 est,
1082 1180 1175 1225 ex·1o

120 1252 228 1310 teliore
256 1255 291 1310 ut
316 1254 402 1328 parte
430 1269 564 1328 respersa
591 1253 638 1310 sit
684 1254 753 1310 tuus
777 1253 877 1310 autem
900 1251 952 1326 qui
979 1250 1133 1326 palmttus

120 1343 173 1415 est,
195 1341 294 1417 paries
316 1341 478 1417 vestigium
499 1343 562 1400 eius
584 1341 680 1418 partie
703 1339 846 1416 ostendit,
869 1339 908 1398 ad
931 1359 1022 1416 qnam
1044 1358 1135 1400 cruor

118 1430 273 1505 pervenire
296 1448 356 1489 non
378 1430 485 1505 potuit.
522 1433 655 1489 vestrum
678 1433 731 1504 est,
754 1447 832 1488 nune
855 1428 955 1487 omnia
978 1428 1039 1488 ista
1062 1447 1133 1489 con·

118 1537 237 1594 parare,
264 1520 453 1596 perpendere.
499 1538 552 1578 cur
577 1517 754 1595 prudentior
782 1518 822 1577 sit
841 1516 938 1576 iudex
964 1517 996 1575 in
1026 1517 1132 1594 depre-

117 1608 270 1668 hendendo
294 1610 401 1668 scelere
434 1627 522 1683 quam
549 1626 617 1666 reus
644 1610 675 1666 in
703 1606 901 1680 admittendo,
928 1606 983 1665 hoc
1006 1624 1070 1666 esse
1097 1608 1172 1671 in1s

118 1716 207 1757 causa
234 1700 308 1774 puto
327 1697 408 1774 quod
435 1698 511 1756 alter
538 1700 656 1756 tantum
682 1715 736 1771 pro
760 1714 790 1755 se
819 1697 946 1773 cogitat,
973 1694 1051 1754 alter
1074 1715 1132 1772 pro

118 1790 203 1862 parte
226 1788 363 1861 utraque.

67 1872 103 1928 le
185 1875 290 1933 Tuitus
319 1893 386 1934 sum
413 1874 609 1933 adulescentis
636 1872 795 1932 miserrimi
822 1891 955 1946 causam,
982 1891 1062 1932 nunc
1083 1873 1131 1932 in·

119 1962 230 2038 spicere
258 1963 340 2038 volo,
373 1965 484 2039 quanto
517 1962 690 2021 certioribus
718 1962 901 2040 argumentis
931 1980 1058 2021 noverca
1084 1964 1131 2023 te·

118 2055 232 2110 neatur.
277 2055 396 2111 transeo
428 2052 517 2110 illum
545 2052 699 2128 vulgarem
731 2052 760 2109 et
790 2050 925 2110 omnibus
956 2053 1063 2110 notum
1092 2050 1131 2112 de
1144 2075 1173 2119 se

118 2143 329 2217 conparatione
352 2159 545 2218 personarum
567 2142 672 2199 locum.
711 2140 787 2199 alius
810 2140 921 2199 diceret
938 2139 1080 2198 maritum
1098 2144 1131 2201 et

117 2249 247 2305 uxorem,
272 2230 331 2289 nisi
353 2230 454 2289 liberis
477 2230 676 2304 initiarentur,
698 2248 757 2288 non
780 2228 949 2288 fortissimis
972 2247 1131 2304 corporum

117 2320 243 2379 vinculis
271 2319 432 2378 inhaerere.
478 2338 532 2396 ego
555 2318 631 2376 illud
658 2319 758 2394 potins
787 2318 895 2377 dicam:
924 2318 1046 2393 decepta
1074 2321 1131 2394 est

117 2409 232 2484 mulier,
254 2409 434 2485 exspectatio
457 2410 517 2466 tna.
554 2426 677 2467 veneras
701 2407 788 2483 quasi
810 2407 842 2466 in
860 2425 986 2466 vacuam
1007 2406 1130 2466 domum

117 2501 148 2557 et
170 2499 233 2557 sinc
260 2497 374 2557 herede.
420 2500 656 2573 exspectaveras,
683 2499 718 2554 ut
745 2496 849 2554 infelix
871 2497 928 2554 iste
950 2496 1066 2555 iuvenis
1089 2495 1129 2556 ab
1143 2519 1171 2560 ss

116 2587 189 2663 ipsis
221 2588 357 2663 protinus
389 2588 562 2662 nuptiarum
592 2589 715 2645 tuarum
751 2585 946 2661 expelleretur
978 2584 1130 2661 auspiciis,

117 2679 263 2735 extorrem
290 2679 321 2735 et
347 2676 466 2752 inopem
493 2678 690 2734 summoveret
716 2676 803 2751 pater
830 2673 939 2733 blando
971 2676 1129 2749 corruptus

188 2816 203 2862 3
224 2809 389 2864 distantiam
412 2827 446 2864 eor
469 2809 632 2863 distentiam
649 2818 677 2862 Β
749 2814 764 2861 6
788 2826 851 2861 cum
874 2816 982 2875 00111,
1005 2824 1080 2876 supr.
1094 2829 1130 2862 m

118 2882 255 2935 'leodem
277 2881 333 2951 telo
357 2897 412 2948 qno
432 2889 464 2933 Β
540 2887 624 2934 tex:
651 2896 685 2933 ea
709 2880 757 2943 Gr.
839 2885 872 2932 10
895 2878 983 2932 telum
1007 2882 1130 2948 occupat

116 2964 161 3015 ys:
185 2952 330 3022 telocupat
352 2961 391 3018 Β;
419 2952 476 3005 1010
500 2953 619 3020 occupat
641 2961 704 3017 1'ec3
732 2951 820 3006 telum
846 2968 896 3006 om.
912 2959 953 3016 1ης
982 2951 1031 3004 dcl.
1046 2951 1127 3006 Dese.

115 3028 191 3092 p83
263 3031 295 3078 11
315 3025 359 3077 ut:
384 3037 451 3088 exe
521 3025 603 3092 parte
625 3039 752 3091 respersa
771 3023 820 3077 sit:
844 3023 963 3091 porteris
984 3023 1130 3090 persuasit

116 3104 144 3148 Β
202 3097 307 3149 autom:
328 3101 371 3149 aff
380 3105 408 3149 Β
478 3101 512 3149 14
530 3096 559 3147 in
579 3093 824 3162 deprehendendo:
845 3110 878 3147 ex
897 3093 963 3147 inde
981 3093 1127 3161 prehendo

116 3175 154 3234 Β;
179 3166 278 3220 exinde
300 3167 437 3236 prehenso
460 3176 482 3218 V
554 3171 587 3219 15
610 3166 640 3218 in
664 3166 851 3220 admittendo:
876 3165 906 3217 id
928 3163 1066 3218 mittendo
1085 3173 1127 3233 113

116 3237 291 3292 admittendo
312 3247 380 3302 em
450 3244 482 3292 16
506 3255 556 3306 pro
580 3240 690 3291 tantum
709 3246 741 3290 Β
811 3235 918 3305 cogitat
941 3236 1024 3289 alter:
1050 3236 1127 3306 cogi-

115 3311 178 3363 tata
201 3309 254 3363 iter
271 3318 311 3375 Β;
335 3308 443 3378 cogitat
465 3311 519 3362 iter
541 3319 563 3361 V
631 3308 714 3362 alter:
740 3307 829 3377 al{ter
852 3306 872 3376 (i
890 3310 937 3376 er.)
961 3316 993 3360 Β
1013 3307 1054 3361 bis

117 3386 149 3435 18
169 3380 350 3434 adoliscentie
367 3389 396 3433 Β
458 3385 490 3433 19
511 3379 687 3434 certioribus:
707 3377 872 3432 tercioribus
890 3386 919 3430 Β
976 3377 1128 3432 131111100-

114 3521 175 3632 {dre
184 3505 307 3631 tvinculis
322 3514 355 3559 Β
378 3489 545 3573 ¹deceptis
598 3510 632 3557 24
650 3506 711 3557 tua:
731 3504 779 3556 tuo
795 3512 827 3568 Ρ,
842 3518 942 3563 corun
997 3507 1030 3555 25
1050 3449 1130 3556 adn

169 3592 184 3630 e
215 3594 265 3633 om.
281 3587 308 3630 Ρ
