2430 3952
436 197 741 252 DECLAMATIONES
759 200 779 252 I.
799 199 832 252 11.
1076 199 1141 262 391

128 366 274 425 trahebat.
321 367 352 440 Q.
372 367 424 426 sed
445 385 499 425 nec
522 368 690 426 venientem
710 367 839 426 videbat.
885 368 923 426 N.
942 387 1087 426 venenum
1112 387 1143 426 se

128 456 236 514 hebere
258 457 388 533 negavit.
435 456 466 529 Q.
490 457 517 515 si
540 456 659 530 quidem
677 475 763 515 nemo
786 457 876 515 habet
900 457 979 531 quod
1000 457 1144 516 nescienti

128 545 247 603 illatum
271 547 323 603 est.
369 545 408 603 N.
432 546 565 604 conscius
588 545 711 620 spoliari
738 546 844 605 noluit.
892 545 923 620 Q.
948 545 1018 620 quia
1040 548 1143 604 imme-

128 635 221 692 ritum
244 652 274 692 se
302 634 397 693 scivit.
443 634 482 693 N.
506 634 639 692 insutum
666 635 818 709 repertum
848 636 900 692 est.
948 635 979 708 Q.
1004 635 1142 694 subtilius

102 740 255 786 unoverca
279 742 368 797 quam
391 740 494 782 caecus
523 723 591 782 suit.
636 723 675 781 N.
698 724 845 782 rationem
867 725 968 799 parati
991 723 1061 781 dare
1084 742 1143 783 non

128 813 235 888 potuit.
283 812 314 885 Q.
341 813 471 887 peccatis
501 811 719 888 praemeditata
747 813 825 871 ratio
856 830 1009 886 nunquam
1039 812 1142 870 defuit.

128 901 220 959 miror
242 919 309 959 eum
338 921 398 959 non
428 901 548 961 dixisse:
578 902 675 976 volui,
697 900 848 977 parricida
877 920 950 959 sum.
997 920 1143 959 venenum

129 989 208 1063 quod
239 992 341 1065 portat
378 1008 494 1066 caecus,
525 991 621 1066 ipsius
658 992 716 1065 est,
747 992 773 1049 si
809 994 937 1050 excusat.
984 989 1034 1048 sed
1066 993 1143 1064 esto;

128 1096 215 1136 suum
237 1097 308 1137 sane
332 1079 384 1152 sit,
408 1078 554 1153 quomodo
581 1076 735 1156 porriget?
779 1079 818 1137 N.
842 1079 916 1136 mihi
938 1081 1076 1155 promisit
1099 1079 1143 1136 di-

88 1193 114 1233 10
128 1166 261 1242 midium‚
284 1170 318 1226 ut
340 1169 500 1246 porrigam.
547 1167 578 1242 Q.
598 1165 693 1242 quid?
728 1171 848 1243 secreto,
872 1168 904 1224 P.
925 1166 965 1242 d,
988 1167 1024 1226 de
1046 1171 1143 1244 parri-

128 1256 205 1315 cidio
235 1258 390 1334 privignus
414 1267 444 1315 et
470 1275 597 1316 noverca
618 1257 790 1332 loquuntur.
836 1258 882 1315 ita
909 1275 939 1315 se
967 1276 1026 1315 non
1054 1260 1143 1333 putat

128 1347 253 1420 uterque
282 1343 445 1421 temptari?
489 1365 567 1404 nunc
594 1347 695 1404 locum
716 1346 808 1405 istum
834 1347 960 1404 transeo.
1007 1345 1067 1420 sed,
1089 1366 1143 1422 per

128 1434 197 1492 deos
220 1435 413 1508 immortales,
436 1454 511 1510 quae
535 1436 681 1494 servatori
702 1437 797 1511 patris
816 1453 883 1493 cum
905 1453 1018 1493 veneno
1041 1433 1143 1494 ratio?

129 1542 218 1597 quam
241 1523 413 1582 incredibile
437 1525 494 1597 est,
518 1525 552 1581 ut
573 1525 690 1599 patrem
713 1524 822 1595 oderit,
845 1542 991 1582 venenum
1013 1525 1144 1598 tempta-

88 1638 113 1677 16
128 1613 205 1671 verit
229 1613 293 1686 qui,
321 1614 355 1670 ut
381 1613 530 1688 perderet,
559 1613 625 1687 pati
651 1632 711 1671 non
738 1612 850 1689 potuit!
897 1611 969 1688 quid
999 1632 1073 1687 opus
1096 1615 1142 1672 est

128 1698 261 1760 veneno?
307 1720 437 1760 servasse
456 1703 583 1760 matrem
601 1700 713 1777 potuit:
737 1701 932 1778 parricidium
950 1702 993 1760 sic
1014 1702 1142 1775 fecisset,

128 1791 257 1865 optimus
281 1790 432 1849 videretur
453 1790 541 1850 filius.
587 1790 626 1849 N.
646 1791 731 1865 atqui
753 1808 831 1848 nunc
849 1791 988 1849 infestum
1014 1790 1142 1849 habebat

128 1879 206 1952 quod
220 1879 277 1938 sibi
291 1897 449 1938 novercam
462 1879 589 1954 induxit,
604 1879 683 1954 quod
692 1880 723 1937 18
736 1882 880 1938 secretam
893 1882 1010 1954 partem
1024 1879 1142 1939 abstru-

127 1969 174 2026 sit.
222 1968 253 2043 Q.
276 1970 367 2027 immo
391 1969 513 2028 consiiio
532 1970 626 2044 ipsius
644 1969 759 2027 iuvenis
784 1970 884 2026 actum
905 1971 957 2042 est,
981 1970 1015 2026 ut
1037 1968 1141 2028 domus

86 2083 113 2122 20
128 2075 203 2131 quae
227 2076 348 2116 caecum
370 2059 488 2116 tantum
507 2057 637 2116 habebat
660 2060 690 2116 et
707 2076 815 2132 senem,
837 2076 915 2116 novo
938 2057 1142 2117 consolaretur

85 2172 87 2179 r
127 2147 272 2223 coniugio.
315 2147 387 2221 quid
406 2150 508 2206 autem
528 2146 560 2204 in
578 2146 698 2223 publico
716 2141 842 2206 caecus?
878 2165 1026 2221 nusquam
1043 2149 1141 2205 minus

127 2235 287 2294 offenditur
310 2254 401 2310 quam
423 2236 454 2293 in
478 2237 598 2296 secreto.
645 2236 697 2295 sed
724 2235 816 2310 dono,
844 2238 878 2294 ut
900 2237 1064 2295 commotus
1088 2238 1141 2310 sit3

126 2343 186 2382 non
208 2326 309 2382 tamen
327 2324 409 2384 adeo.
449 2344 604 2400 nunquam
621 2325 831 2384 infestissimus
850 2326 907 2382 erit
924 2328 1012 2399 pater
1035 2327 1087 2399 qui
1108 2328 1141 2383 in

126 2412 225 2471 locum
247 2416 387 2473 successit
405 2415 564 2473 oculorum.
610 2414 649 2473 N.
674 2415 759 2489 etqui
777 2413 877 2489 potius
896 2433 950 2488 pro
973 2417 1069 2472 matre
1093 2433 1141 2470 ex·

86 2526 112 2566 11
128 2504 263 2559 caecatus
291 2503 344 2560 est.
396 2503 427 2576 Q.
455 2505 536 2578 patri
569 2504 744 2562 caecitatem
775 2504 927 2577 praestitit
960 2504 1011 2577 qui
1040 2503 1140 2560 oculos

199 2801 268 2848 lne
283 2804 310 2847 Ρ
384 2794 541 2848 venientem
559 2799 636 2861 uenis
651 2804 678 2847 Ρ
752 2794 929 2848 2888818818
947 2804 974 2847 Ρ
1049 2798 1139 2846 6888

127 2866 218 2920 defuit
232 2876 260 2920 Β
316 2865 543 2934 7parracida11
601 2865 834 2934 8quod:qui11
892 2866 988 2934 portat
1006 2866 1141 2933 exponat

125 2948 154 2990 Β
206 2938 246 2991 818
264 2946 308 2991 ΡΒ
362 2939 475 2990 accusat
489 2945 563 2990 PVB
616 2943 750 3004 98118888
765 2937 943 3004 8818818118Β
997 2940 1029 2989 11
1044 2934 1138 2988 locun-

126 3064 172 3114 tur
185 3071 206 3114 V
257 3068 289 3115 12
304 3011 391 3130 uddue
405 3071 433 3113 Β
487 3067 519 3114 18
533 3060 696 3130 perderetur
711 3061 834 3138 Vlupdi
847 3069 875 3114 Β
929 3066 961 3114 16
975 3061 1140 3128 nenpotuit

125 3195 154 3237 Β
223 3186 322 3240 fecisse
341 3197 362 3238 V
431 3192 463 3239 17
482 3188 515 3239 ut
533 3191 597 3241 cute
615 3186 738 3254 optimus
757 3185 820 3239 cdd.
840 3194 914 3238 Vlw
984 3146 1095 3238 viderteur
1112 3194 1141 3236 Β

128 3298 160 3345 18
180 3293 267 3360 quod:
287 3293 336 3362 qui
355 3304 384 3350 Β
455 3293 510 3346 sibi
528 3311 578 3348 om.
598 3301 626 3344 Β
699 3273 816 3345 nover⁰ra
833 3299 861 3344 Β
941 3296 973 3344 19
994 3291 1136 3345 domus—

126 3379 307 3418 cancamum.
326 3367 357 3418 iu
376 3367 478 3421 lacuna
491 3374 519 3416 Β
589 3369 623 3416 20
642 3363 753 3417 tantum
768 3380 844 3430 supr.
859 3372 886 3415 Ρ
955 3361 1092 3415 solaretur
1111 3372 1138 3416 Β

127 3442 159 3489 21
179 3434 333 3504 impublico
350 3445 378 3490 Β
437 3437 531 3489 231111
554 3445 582 3503 V;
602 3437 713 3488 tantum
730 3443 758 3488 Β
817 3449 955 3501 nusquam
977 3443 1022 3486 VB
1076 3435 1137 3486 orat

130 3517 175 3559 VB
244 3507 320 3575 patri
340 3517 367 3561 Β
439 3514 473 3562 24
491 3507 586 3576 potius
604 3523 679 3575 supr.
697 3515 736 3572 Β;
754 3521 805 3575 pro
824 3506 914 3558 matre
932 3505 1026 3574 potius
1050 3513 1135 3558 Vll*

126 3581 238 3633 cecatus
257 3587 298 3645 113
318 3582 448 3634 coecatus
466 3588 494 3631 Β
564 3583 598 3631 28
617 3577 699 3646 pater
717 3587 744 3630 Β
817 3576 865 3644 qui
884 3576 910 3630 ei
929 3575 1024 3630 oculos
1043 3585 1071 3630 Β
