2430 3952
144 1048 442 1124 TESTIMONIA
481 1048 543 1121 ET
584 1047 886 1121 FRAGMENTA
923 1047 987 1120 AD
1028 1048 1170 1132 QVIN-

157 1192 343 1266 TILIANI
369 1190 772 1264 DECLAMATIONES
800 1191 1153 1267 PERTINENTIA.

107 1460 141 1519 1*
212 1461 402 1521 TREBELL.
425 1460 584 1544 POLLIO,
606 1461 689 1519 XXX
710 1464 768 1538 tyr.
788 1463 818 1536 4,
839 1463 871 1519 2:
898 1462 959 1519 fuit
982 1463 1086 1520 autem
1111 1463 1168 1536 (sc.

142 1553 310 1612 Postumius
328 1551 458 1626 Iunior),
482 1551 561 1626 quod
584 1551 681 1610 solum
703 1553 869 1610 memoratu
892 1549 1016 1627 dignum
1039 1554 1094 1626 est,
1118 1553 1167 1612 ita

142 1643 174 1700 in
197 1640 462 1700 declamationibus
485 1641 626 1715 disertuS,
656 1641 690 1698 ut
714 1640 776 1698 eius
800 1641 1018 1699 controversiae
1042 1639 1168 1709 Quinti·

142 1731 224 1789 liano
243 1731 381 1788 dicantur
393 1731 523 1789 insertae
543 1749 630 1804 quem
649 1728 879 1788 declamatorem
897 1729 1025 1788 Romani
1043 1734 1166 1806 generis

143 1820 347 1879 acutissimum
374 1820 423 1878 vel
445 1821 532 1879 unius
562 1819 669 1894 capitis
697 1819 786 1877 lectio
813 1820 911 1894 prima
934 1819 1037 1877 statim
1061 1820 1166 1880 fronte

142 1908 333 1968 demonstrat.

106 2013 125 2068 2
211 2013 352 2073 AVSON.
377 2032 527 2072 commem.
550 2013 789 2090 prof.1,2‚1e:

303 2157 355 2198 seu
377 2138 470 2196 libeat
492 2137 576 2197 fictas
600 2138 738 2196 ludorum
761 2140 896 2198 evolvere
920 2139 997 2212 lites,

347 2228 509 2302 ancipitem
531 2228 663 2302 palmam
686 2227 888 2296 Quintilianus
911 2229 1009 2287 habet.

107 2351 125 2407 8
210 2352 317 2410 HIER.
343 2351 379 2411 ad
404 2349 501 2410 Galat.
521 2353 549 2426 3,
571 2353 588 2410 7
614 2343 652 2432 (Ι,
671 2352 734 2410 486
755 2345 861 2432 Vall.):
885 2356 911 2412 si
935 2353 1000 2428 quis
1020 2354 1165 2430 eloquen-

142 2444 217 2502 tiam
237 2443 355 2517 quaerit
373 2441 422 2499 vel
440 2441 704 2500 declamationibus
726 2441 900 2516 delectetur,
918 2441 1008 2500 habet
1026 2444 1058 2499 in
1078 2448 1166 2505 utra·

143 2550 199 2607 que
221 2532 325 2609 lingua
343 2530 572 2589 Demosthenem
591 2534 621 2588 et
640 2530 781 2604 Tullium,
805 2530 994 2591 Polemonem
1017 2534 1046 2590 et
1067 2533 1165 2602 Quin-

141 2622 289 2679 tilianum.
959 2669 966 2684 ,

105 2724 126 2782 4
210 2727 317 2785 HIER.
346 2727 378 2783 in
405 2726 442 2785 Is.
468 2726 486 2784 8
515 2727 607 2801 praef.
636 2717 702 2807 (IV,
727 2728 790 2785 328
819 2720 925 2809 Vaut:
962 2729 1013 2802 qui
1046 2729 1166 2791 flumen

144 2817 329 2891 eloquentiae
353 2818 383 2874 et
408 2816 565 2874 concinnas
592 2815 821 2876 declamationes
844 2816 1026 2891 desiderant,
1055 2819 1167 2897 legant

15 2944 20 2951 -
143 2905 284 2980 Tullium,
308 2904 539 2979 Quintilianum,
564 2903 743 2979 Gallionem,
768 2904 968 2964 Gabinianum
996 2909 1038 2981 et,
1063 2911 1099 2967 ut
1125 2912 1166 2969 ad

25 2998 28 3003 '
143 2997 258 3053 nestros
277 2997 403 3068 veniam,
423 2993 649 3069 Tertullianum,
664 2993 856 3071 cyprianum,
870 2996 1043 3069 Minucium,
1062 2997 1166 3061 Arno·

142 3081 232 3157 bium,
255 3083 455 3158 Lactantium,
477 3083 634 3142 Hilarium.
