2430 3952
389 213 695 270 DECLAMATIONES
713 213 746 267 X.
764 213 811 267 XI.
1039 213 1104 278 373

93 383 175 443 diam
197 383 294 443 facere
320 385 412 443 morti
432 374 517 461 lquae
544 385 626 460 prius
654 401 722 442 oum
748 383 845 442 morte
871 384 1007 459 tempora
1030 383 1107 441 divi-

94 475 174 532 serat
197 475 227 531 et
248 472 378 532 tenebris
396 471 559 531 fruebatur.
600 472 725 550 singulis
744 473 823 530 enim
845 471 982 531 noctibus
1000 490 1106 548 corpus

94 581 110 621 e
134 562 268 638 sepulcro
286 563 438 638 resumpto
458 561 496 619 ad
518 563 645 620 matrem
662 561 799 637 placidus
821 563 852 619 et
868 560 992 636 pulcher
1009 563 1106 620 venie·

94 650 156 709 bat.
196 670 275 710 nunc
297 651 425 729 ligatum
448 652 493 709 est
515 668 621 726 corpus
645 652 675 708 et
702 651 824 726 spiritus
849 669 867 708 a
888 668 985 728 mago.
1030 669 1057 724 o,
1080 650 1108 710 si

54 758 195 800 vimanes
219 741 297 798 inter
319 759 350 799 se
378 740 557 815 colloquium
584 738 708 814 habent,
735 758 795 798 non
818 738 900 798 deest
926 739 980 814 qui
1006 739 1108 798 iuveni

93 847 163 887 meo
183 829 277 887 dicat:
301 847 391 904 quarn
408 828 478 887 vilis
500 828 560 887 tuis
583 828 676 902 fuisti,
701 846 791 904 quam
808 827 936 887 libenter
957 829 988 886 te
1010 827 1107 903 perdi·

94 917 209 992 derunt,
233 921 263 976 et
284 937 321 976 ne
345 917 383 975 ad
404 916 510 977 matris
533 917 676 976 solacium
696 911 859 996 <quidem>
880 916 976 976 redire
998 917 1107 976 valeas.

93 1009 180 1082 pater
203 1025 222 1065 a
244 1025 331 1083 mago
354 1009 385 1066 te
407 1007 479 1065 fecit
496 1007 611 1066 vinciri.
657 1006 784 1065 crudelis
807 1007 892 1065 fuisti
909 1009 942 1064 in
959 1005 1055 1064 filium
1079 1007 1108 1065 et

93 1096 125 1153 in
148 1097 275 1155 matrem
298 1114 389 1171 quam
411 1096 577 1171 inquietam
605 1097 746 1155 continuo
773 1095 884 1169 fecisti,
911 1097 946 1153 ut
972 1095 1108 1171 perderet

56 1204 82 1243 10
95 1188 196 1243 noctes
227 1187 257 1242 et
286 1185 357 1244 dies.
399 1203 416 1242 o
446 1204 546 1261 mage,
576 1184 697 1244 ostende
726 1185 933 1261 magisterium
962 1187 1048 1243 tuum
1078 1186 1108 1242 et

94 1291 186 1332 evoca
204 1275 343 1350 spiritum
361 1293 449 1350 quem
468 1273 591 1348 elusisti,
609 1293 646 1332 ne
664 1276 695 1332 te
712 1273 819 1332 reddas
836 1274 988 1348 infamem,
1010 1288 1108 1349 neque

47 1371 49 1375 '
94 1362 219 1422 ulterius
242 1365 357 1422 saevias
379 1364 412 1420 in
433 1365 585 1421 mortuum
608 1365 638 1421 et
660 1364 692 1420 in
714 1365 848 1437 matrem,
873 1366 903 1421 et
925 1362 1039 1422 desinet
1062 1381 1108 1421 or·

94 1452 182 1510 fanus
205 1469 267 1511 esse
289 1450 368 1510 filius
392 1454 421 1510 et
444 1454 540 1510 mater
562 1452 675 1511 orbata.
994 1466 996 1472 ·

299 1682 350 1741 XI.
373 1682 470 1743 Dwns
493 1698 670 1742 nccvsnrvs
693 1677 898 1742 rnonrnuorus.

55 1825 81 1865 15
161 1804 374 1880 Arywmeotum
396 1825 423 1866 u.
436 1825 469 1880 p.
487 1809 564 1883 206,
583 1809 612 1866 8.

161 1895 226 1954 Hoc
253 1899 299 1954 est
327 1896 405 1972 quod
433 1897 587 1972 potissime
614 1915 661 1954 me
685 1899 804 1973 gravat,
835 1914 852 1954 o
875 1895 998 1971 iudices,
1013 1889 1016 1897 '
1030 1895 1122 1970 quod>

95 1985 214 2043 videtur
237 1985 295 2043 sibi
318 1987 390 2045 satis
418 1987 526 2045 vixisse
553 1988 652 2062 pater,
679 1988 839 2061 postquam
869 1984 976 2044 occidit
999 1984 1108 2046 liberos

94 2092 175 2133 meos
199 2076 229 2132 et
251 2074 307 2133 hoc
329 2075 483 2150 potissime
507 2075 625 2152 gaudet,
649 2077 683 2132 ut
706 2074 865 2134 orbitatem
887 2093 985 2132 meam
1006 2073 1107 2133 liberis

95 2165 156 2221 suis
188 2163 347 2239 relinquat.
403 2165 531 2240 gratias.
554 2182 610 2242 ago
642 2165 760 2222 civitati
795 2163 874 2239 quod
909 2182 956 2222 me
992 2163 1109 2222 fidelem

55 2271 82 2310 ro
96 2251 275 2312 aestimastis
305 2255 335 2311 et
364 2252 476 2310 bellum
505 2253 580 2312 mihi
608 2253 745 2330 publicae
777 2252 985 2313 sollicitudinis
1016 2254 1109 2311 oredi-

95 2341 189 2400 distis.
241 2341 292 2400 sed
321 2360 416 2417 neque
447 2361 502 2419 ego
531 2362 595 2401 rem
624 2343 755 2402 melioris
785 2343 867 2401 ducis
897 2343 994 2400 facere
1023 2343 1109 2416 potui

96 2447 186 2504 quam
216 2430 296 2504 quod
325 2420 389 2490 sine
417 2430 518 2490 liberis
547 2432 622 2490 meis
651 2431 801 2507 profectus
831 2449 904 2490 sum.
950 2450 1011 2488 non
1039 2429 1108 2488 reli·

97 2517 209 2592 quisset
238 2519 306 2576 illos
336 2519 396 2577 dux
425 2520 605 2595 proditurus.
646 2519 723 2579 filios
753 2538 833 2579 meos
863 2521 970 2579 civitas
1001 2519 1109 2577 occidit

96 2605 216 2665 credens
240 2610 405 2667 accusatori
431 2628 478 2667 me
503 2609 685 2684 proditorem
714 2610 863 2668 asserenti.
905 2608 976 2666 fecit
1003 2608 1109 2668 civitas

55 2714 81 2755 25
96 2695 238 2772 quicquid
260 2696 309 2755 hic
332 2697 367 2754 de
392 2716 439 2756 me
466 2697 564 2756 facere
591 2699 704 2774 potuit:
730 2697 808 2757 filios
835 2717 916 2757 meos
938 2699 1108 2756 innocentes

96 2784 212 2844 occidit.
254 2785 305 2844 sed
327 2786 437 2843 mirum
461 2786 557 2861 dictu,
584 2805 651 2846 cum
678 2789 804 2845 mortem
826 2787 957 2846 filiorum
986 2787 1108 2844 nuntius

94 2876 127 2932 in
146 2876 244 2934 castra
261 2874 395 2950 pertulit,
414 2894 474 2934 non
494 2893 577 2934 arma
595 2876 715 2952 proieci,
738 2895 798 2934 non
820 2876 963 2935 stationes
981 2875 1108 2933 vallum·

96 2983 153 3039 que
171 2963 296 3038 deserui,
318 2966 415 3022 totam
434 2964 594 3023 orbitatem
612 2982 709 3023 meam
727 2965 759 3022 in
779 2965 858 3023 bella
878 2964 1019 3038 converti,
1041 2964 1108 3021 tan·

97 3071 186 3126 quam
215 3053 323 3112 liberos
352 3071 433 3111 meos
456 3052 499 3111 ibi
527 3054 729 3131 perdidissem.
775 3073 827 3113 vos
856 3054 955 3112 autem
983 3071 1110 3128 quorum

56 3159 83 3199 ao
96 3139 172 3199 filios
195 3141 274 3200 bello
298 3143 493 3217 salvaverim,
516 3142 594 3202 filios
616 3161 697 3202 meos
716 3143 872 3203 occidistis.
918 3145 987 3218 peto
1006 3143 1109 3220 igitur,

92 3231 132 3287 ut
155 3230 328 3290 occidantur
349 3230 405 3289 filii
422 3233 562 3308 pauperis
587 3235 638 3307 qui
655 3251 736 3291 meos
755 3233 927 3308 procuravit
950 3230 1052 3305 occidi,
1074 3233 1109 3288 ut

92 3319 139 3377 sic
156 3319 300 3394 puniatur
317 3319 349 3378 in
368 3340 410 3395 eo,
428 3322 461 3379 in
480 3341 539 3397 quo
558 3321 692 3396 deliquit.
730 3321 781 3380 sed
801 3321 887 3380 dicis:
911 3321 1109 3380 calumniator

96 3405 176 3467 idem
207 3409 350 3483 patiatur.
405 3412 435 3469 et
471 3430 525 3489 ego
565 3411 630 3469 dico
666 3410 746 3486 quod
778 3429 838 3469 non
872 3411 951 3469 idem
987 3411 1108 3486 pateris,

96 3498 155 3555 nisi
177 3499 224 3555 tui
245 3496 301 3555 filii
324 3500 496 3558 occidantur
518 3502 553 3559 ut
575 3501 647 3559 mei:
674 3501 771 3558 maior
794 3499 873 3560 enim
895 3500 980 3558 dolor
1002 3499 1038 3557 de
1061 3516 1108 3556 oa·

55 3605 82 3647 es
96 3585 283 3645 lumitatibus
308 3606 398 3662 quam
425 3588 461 3648 de
488 3589 642 3665 suppliciis
669 3589 759 3648 venit.
806 3590 980 3660 calamitas„
1000 3589 1123 3658 inusti
