2430 3952
376 193 681 250 DEOLAMATIONES
699 193 744 249 IX.
764 194 796 249 X.
1024 195 1088 258 407

79 365 199 424 riamur.
240 365 285 422 M.
305 365 416 423 frustra
444 365 577 423 nascitur
603 363 655 440 qui
678 365 799 422 aeterno
820 366 954 423 moritur.
994 365 1026 422 P.
1046 366 1091 422 in·

80 453 181 511 finitus
210 455 267 511 erit
293 454 391 513 luctus
419 455 471 528 qui
494 453 609 511 nullum
636 452 724 511 finem
752 451 880 530 colligit.
915 454 961 511 M.
981 471 1091 530 parvus

81 544 137 600 erit
160 542 244 600 dolor
266 544 319 617 qui
345 541 536 601 medietatem
563 543 677 618 recipit.
718 542 752 598 P.
772 542 819 599 cui
847 541 883 600 de
910 541 972 600 filio
994 543 1090 619 magis

80 631 255 690 credendum
279 650 370 706 quam¹
390 629 492 708 patri?
530 632 577 688 M.
597 633 649 706 qui
670 631 767 708 magis
785 630 973 705 sollicitatur,
993 632 1091 708 magis

53 719 215 795 cacquirit.
256 721 289 777 Ρ.
309 720 334 778 si
353 722 490 795 venisset,
514 719 650 795 equidem
668 719 826 778 vidissem..
856 720 902 777 M.
921 719 947 778 si
969 738 1029 778 non
1047 722 1091 778 rie

79 809 163 883 disti,
194 810 288 868 nescis
317 811 425 867 utrum
445 810 561 868 venerit
588 829 626 868 an
653 827 720 868 non.
761 810 794 866 P.
814 827 866 866 cur
893 809 931 866 ad
957 828 1004 867 me
1031 828 1091 868 non

78 895 182 957 venit?
216 899 261 956 M
277 897 414 956 affectum
432 899 537 957 matris
554 898 682 957 moriens
700 899 864 956 notaverat.
897 898 1027 974 gratiam
1045 917 1090 956 re-

78 987 156 1044 tulit.
198 986 245 1044 illi
272 988 401 1061 primum
430 987 520 1045 rediit
549 988 597 1046 cui
626 987 743 1066 ereptus
774 987 826 1046 est.
866 987 961 1055 solve:
991 987 1090 1046 veniet

71 1074 169 1135 'etiam
192 1075 231 1133 ad
253 1079 291 1133 te.
333 1076 365 1132 P.
385 1094 438 1134 cur
459 1095 519 1134 non
544 1076 576 1133 in
599 1073 669 1134 die?
707 1076 752 1133 M.
773 1094 824 1134 cur
851 1075 939 1134 stella
961 1076 1008 1134 die
1031 1095 1091 1134 non

39 1162 195 1242 refulget?
223 1165 276 1223 lux
299 1165 331 1222 in
360 1164 425 1224 luce
455 1183 515 1223 non
545 1164 730 1224 discernitur.
777 1165 810 1221 Ρ.
829 1183 882 1224 cur
904 1165 1001 1241 prima
1031 1179 1090 1222 non

77 1255 161 1312 venit
178 1251 286 1313 nocte?
320 1254 366 1311 M.
385 1253 490 1312 infelix
507 1255 599 1328 tenui,
617 1273 654 1311 ne
673 1256 814 1331 surgeret.
854 1254 887 1310 P.
907 1255 1005 1312 inanis
1025 1271 1090 1328 per-

79 1344 177 1401 suasio
201 1341 489 1420 excogitationibus
517 1345 584 1400 orta
609 1345 681 1400 erat.
722 1343 767 1400 M.
787 1341 884 1402 adhuc
906 1344 1033 1401 oriretur
1060 1346 1090 1402 et

77 1431 303 1507 videri-posset.
343 1432 377 1488 Ρ.
395 1433 545 1491 maternos
567 1430 727 1490 territabat
747 1430 940 1505 inquietando
963 1449 1088 1490 somnne.

77 1521 122 1578 Μ.
138 1521 288 1596 opaterni
306 1519 440 1579 affectus!
465 1515 659 1597 exi<ti>cium
672 1519 769 1578 filium
787 1518 886 1579 videre
905 1521 1032 1578 timuit.⁴
1056 1521 1088 1578 Ρ.

38 1631 63 1671 15
79 1628 133 1686 ego
156 1609 247 1667 etiam
268 1628 360 1684 aeque
383 1608 507 1684 perdidi.
548 1610 594 1667 Μ.
613 1627 648 1666 ex
671 1628 730 1684 quo
748 1607 914 1685 perdidisti,
937 1628 1090 1684 nunquam

78 1697 150 1757 adeo
165 1697 348 1772 desiderasti,
365 1700 400 1756 ut
418 1698 541 1756 videres.
577 1698 610 1755 P.
625 1699 771 1756 somnium
789 1700 835 1756 est
853 1698 932 1772 quod
950 1700 1089 1772 quereris.

77 1788 122 1845 Μ
142 1790 212 1846 esto.
255 1786 403 1862 quidquid
432 1785 470 1845 ad
498 1787 679 1846 miserrimos
709 1787 851 1862 pertinet,
881 1803 915 1844 eo
943 1787 1090 1846 crudelius

78 1876 204 1953 eripitur
234 1894 291 1950 quo
314 1877 412 1934 minus
436 1878 488 1935 est.
528 1877 563 1934 P.
582 1894 642 1933 non
664 1882 709 1934 est
730 1878 861 1949 tantum,
884 1878 919 1934 ut
940 1875 990 1935 hic
1011 1878 1089 1936 trac-

77 1965 201 2024 tandum
224 1967 271 2024 sit.
313 1965 358 2022 M.
378 1966 404 2022 si
427 1983 519 2039 aeque
543 1964 656 2023 doleres
679 1968 824 2040 quantum
847 1965 932 2040 esset,
955 1967 1088 2024 sentires.

38 2075 64 2114 ao
78 2056 123 2112 vis
147 2053 248 2112 audire
277 2053 357 2128 quod
386 2053 495 2111 sentire
524 2071 585 2112 non
612 2050 718 2129 potes?
758 2053 834 2111 nihil
860 2053 896 2112 de
926 2053 1002 2127 filio,
1024 2053 1090 2113 nisi

76 2143 157 2202 diem
174 2142 368 2219 perdideram.
409 2142 578 2201 venientem
595 2161 655 2201 non
675 2142 822 2220 lugebam.
863 2143 897 2199 P.
916 2145 1019 2202 contra
1037 2160 1089 2202 na·

75 2234 175 2291 turam
198 2233 271 2309 agis.
312 2231 484 2290 defunctum
506 2231 602 2290 redire
621 2231 712 2308 cupis.
753 2232 799 2289 M.
820 2229 911 2306 quid?
934 2234 1016 2291 cuius
1040 2251 1088 2290 ars

77 2322 181 2380 contra
203 2324 343 2379 naturam
365 2323 495 2395 constat,
523 2339 562 2379 an
583 2322 701 2396 matris,
729 2339 768 2379 an
790 2318 892 2397 magi?
932 2323 965 2379 P.
984 2324 1019 2380 ut
1042 2341 1088 2379 me

77 2410 203 2484 solvam,
232 2412 286 2468 aut
308 2409 383 2467 nihil
406 2411 451 2469 est
474 2411 567 2468 animi
588 2409 675 2468 nobis
698 2428 716 2467 a
739 2412 833 2468 morte
860 2409 1010 2485 relictum,
1036 2412 1089 2468 aut

36 2519 62 2558 rc
76 2516 156 2556 mors
173 2497 240 2573 ipsa
257 2497 341 2555 nihil.
377 2499 422 2556 M.
438 2496 531 2573 quid?
563 2498 752 2574 philosophia
770 2501 914 2557 evacuate.
930 2496 995 2557 est?
1017 2517 1089 2556 num

77 2588 177 2644 anima
199 2587 376 2644 immortalis
404 2585 469 2645 est?
508 2605 569 2646 non
591 2589 691 2664 potest
717 2605 786 2645 cum
809 2606 930 2663 corpore
957 2587 1088 2661 interire,

77 2695 95 2734 a
126 2695 184 2751 qua
214 2693 319 2751 corpus
348 2674 528 2735 fabricatum
558 2678 610 2734 est.
657 2677 691 2733 P.
711 2678 781 2741 esto.
827 2675 1005 2734 imnortalis
1034 2679 1087 2734 est.

76 2764 189 2824 includi
207 2782 277 2841 ergo
295 2782 355 2822 non
373 2766 479 2840 potest.
519 2765 565 2822 M.
585 2759 637 2823 cur
654 2766 749 2842 igitur
766 2783 872 2841 magus
891 2765 1004 2823 accitus
1023 2763 1088 2823 est?

77 2855 109 2912 P.
129 2873 187 2929 quo
210 2852 330 2912 vinculo
352 2851 484 2912 inclusus
507 2850 572 2912 est?
594 2853 648 2912 ubi
666 2850 792 2912 catena?
814 2852 866 2911 ubi
887 2851 1001 2913 moles?
1042 2855 1086 2911 M.

37 2964 63 3003 ao
78 2963 136 3018 quo
158 2942 255 3020 magis
278 2940 444 3001 evocandus
463 2944 527 3001 erat
549 2943 689 3016 carmine,
713 2960 771 3017 quo
790 2941 852 3001 solo
871 2943 966 3001 teneri
988 2945 1088 3019 potest

77 3032 220 3107 quicquid
243 3049 296 3108 per
315 3049 345 3089 se
363 3030 533 3108 intelligens
553 3034 604 3089 est.
647 3031 712 3104 scis,
735 3031 808 3106 quid
826 3030 932 3104 fecisti,
956 3031 1087 3090 omnium

146 3219 242 3288 iqui:
262 3236 334 3289 quae
353 3227 398 3270 VB
456 3221 672 3272 increratflv
727 3217 840 3271 Ssalvo
854 3226 882 3270 P
933 3221 997 3272 eet
1011 3228 1089 3272 m

77 3296 109 3343 10
132 3290 254 3360 refulget
272 3299 312 3358 123
337 3289 414 3343 lucet
430 3298 483 3342 BV
587 3294 620 3342 14
644 3288 764 3342 exicium
786 3298 872 3356 PVB3
896 3289 1027 3358 equidem
1045 3300 1086 3357 ης

75 3360 188 3415 elicium
202 3363 271 3429 Bu.;
287 3361 419 3432 exiguum
429 3359 477 3427 H.;
491 3377 559 3416 corr.
570 3361 654 3415 Klotz
704 3366 737 3413 22
752 3359 822 3430 quid
835 3370 926 3414 orm
973 3366 1007 3414 23
1022 3378 1087 3415 con-

75 3433 150 3487 stitit
171 3442 217 3486 vn
293 3449 329 3486 an
347 3432 446 3486 matris
464 3448 515 3486 om.
530 3441 558 3485 P
627 3437 661 3484 25
680 3431 745 3486 iude
763 3447 780 3485 a
798 3430 868 3499 quid
885 3434 978 3487 omnia
996 3448 1047 3487 om.
1063 3443 1089 3486 Ρ

75 3509 108 3557 26
127 3506 221 3574 potest
239 3520 299 3558 esse
318 3519 451 3572 corporea
465 3503 533 3572 quia
547 3512 575 3556 ιι
646 3508 678 3556 31
699 3503 850 3571 quicquam
868 3519 918 3572 per
934 3519 963 3556 se
982 3503 1085 3558 intelli

73 3592 143 3646 gons
163 3585 190 3630 n
585 3610 588 3617 ·
976 3618 978 3623 .
