2430 3952
132 165 200 230 280
521 164 596 221 ODII
613 163 721 220 ΡΟΤΙΟ
739 165 765 220 Π

132 337 238 411 poscit,
261 334 419 394 destitrtos
443 337 578 410 queritur
601 335 761 410 amplexus.
798 333 891 394 vultis
914 353 968 394 vos
990 334 1077 394 abire
1099 354 1154 412 po

133 422 194 482 tius
217 423 249 481 in
267 425 368 483 vestra
386 426 506 499 secrete,
530 423 572 482 ibi
595 423 706 501 gandia
729 423 922 499 querelasque
943 425 1064 483 mutata
1082 422 1155 484 oon-

134 513 302 571 versatione
330 510 521 573 consumere?
565 531 626 571 non
648 515 814 589 agnoscunt
840 512 920 590 leges
944 531 978 572 ac
1002 511 1073 571 iura
1093 515 1154 575 rni-

135 619 223 661 seros.
268 602 317 660 hic
340 601 503 660 audiuntur
525 603 619 661 seriae
642 602 836 661 calamitates.
882 620 943 660 non
965 605 1011 661 est
1033 602 1155 662 ultione

134 689 251 768 dignus,
274 689 310 749 de
334 709 392 766 quo
414 693 514 766 potest
537 690 652 750 efficere
674 692 823 764 meretrix,
845 692 880 748 ut
903 693 1053 766 queratur.
1181 711 1192 752 s

201 779 242 837 Et
256 779 373 854 quando
392 799 543 855 umquam,
556 780 677 854 iudices,
691 779 818 838 audistis
836 779 872 837 de
890 779 1032 839 veneficio
1047 782 1156 840 vivum

135 866 328 943 querentem?
354 867 469 928 facinus
491 869 547 928 hoc
570 887 684 944 semper
707 887 742 926 ex
767 868 912 928 mortibus
935 869 1052 945 accepit
1074 870 1156 928 invi-

135 957 223 1015 diam.
270 959 296 1016 si
318 958 518 1032 latrocinium,
540 957 646 1034 probes
668 976 780 1031 cruore,
802 957 988 1033 vulneribus,
1011 959 1038 1017 si
1061 959 1156 1018 sacri·

134 1047 256 1123 legium,
279 1046 381 1122 spoliis
404 1048 560 1104 numinum
581 1045 752 1123 praedaque
774 1047 967 1123 templorum:
990 1046 1043 1122 ita,
1063 1066 1155 1106 vene-

134 1134 235 1194 ficium
258 1135 283 1194 si
302 1153 420 1211 arguas,
443 1138 562 1211 oportet
580 1135 718 1195 ostendas
741 1137 828 1212 putre
851 1135 996 1194 livoribus
1015 1135 1155 1212 cadaver,
1170 1155 1193 1197 ro

134 1225 214 1283 inter
237 1224 423 1283 efferentium
445 1243 549 1284 manus
572 1224 666 1284 fluens
688 1224 757 1284 tabe
777 1241 891 1300 corpus.
928 1224 1048 1284 utiam
1071 1225 1156 1284 istud

135 1312 251 1372 obicere
277 1313 385 1389 possit,
414 1315 444 1371 et
466 1314 530 1372 vita
553 1313 641 1373 debet
664 1313 779 1390 aliquid
803 1331 864 1372 esse
891 1331 980 1390 passa
1003 1312 1085 1390 quod
1108 1314 1155 1372 iu·

136 1400 249 1461 vidium
275 1404 381 1460 mortis
408 1402 551 1461 imitetur.
596 1401 771 1461 veneficium
797 1421 872 1462 voca
900 1402 979 1478 quod
1006 1405 1157 1462 caecitate

134 1492 298 1569 grassatur,
326 1491 406 1566 quod
432 1493 464 1548 in
491 1492 594 1567 alique
620 1491 850 1567 deprehenditur
877 1490 1032 1551 debilitate
1060 1511 1156 1551 mem·

136 1581 266 1639 brorum,
302 1580 411 1656 profer,
430 1579 564 1657 agedum,
588 1583 718 1656 corporis
737 1582 833 1654 notas,
852 1581 976 1656 inques
995 1599 1026 1639 se
1045 1582 1156 1641 noxiae
1170 1600 1194 1641 rs

136 1669 267 1745 potionis
286 1688 379 1746 vagus
402 1670 502 1727 fervor
524 1668 668 1743 effuderit,
692 1669 743 1727 ubi
762 1669 886 1745 depasta
906 1672 1039 1728 senectus
1059 1671 1156 1730 visce-

137 1757 219 1817 ribus
247 1759 398 1816 saevitura
425 1758 596 1818 consederit.
643 1759 754 1835 aspicio
777 1757 1008 1833 perlatoribus
1036 1777 1158 1836 corpus,

136 1848 264 1906 retinere
288 1865 342 1906 sua
359 1847 525 1906 ministeria
548 1846 743 1906 sufficientem
762 1848 904 1920 animum,
922 1848 1007 1906 seriis
1026 1847 1158 1924 actibus,

101 1931 323 1994 baccusaton'a
345 1934 487 1994 firmitate
509 1936 671 1995 robustum.
718 1935 811 2005 crede,
834 1936 959 2010 iuvenis,
982 1935 1158 1998 hominibus

134 2026 189 2100 qui
220 2027 251 2082 te
283 2024 370 2082 modo
398 2027 556 2099 noverant,
585 2044 663 2084 nunc
691 2026 800 2099 acrior,
828 2024 952 2084 erectior
978 2025 1091 2085 resedit
1123 2028 1157 2084 in
1172 2046 1197 2086 ro

137 2131 239 2173 sensus
263 2113 357 2190 vigor,
384 2114 415 2171 in
440 2113 574 2172 membra
600 2116 721 2192 sanguis
744 2113 857 2174 viribus
880 2115 963 2173 velut
990 2133 1087 2173 novae
1109 2117 1157 2174 iu-

137 2201 270 2260 ventutis
294 2202 439 2260 exultans.

205 2289 320 2349 Bibisse
352 2292 382 2348 te
414 2292 663 2350 medicamentum
693 2291 820 2367 probare
851 2311 912 2350 non
941 2310 1057 2368 posses,
1096 2296 1159 2354 nisi

138 2381 277 2438 meretrix
300 2380 453 2439 fateretur.
500 2380 578 2455 quod
602 2383 627 2440 si
649 2380 838 2458 permittitis,
861 2381 985 2456 iudices,
1012 2384 1047 2439 ut
1071 2385 1158 2458 quic-

139 2468 211 2545 quid
240 2471 344 2528 contra
371 2470 614 2528 consuetudinem
641 2470 738 2545 datur,
767 2470 805 2529 ed
830 2470 919 2529 huius
942 2470 1082 2530 vocabuli
1109 2492 1159 2531 re·
1173 2492 1200 2533 rs

210 2717 327 2764 lnose
380 2712 542 2764 inostras
591 2709 760 2779 querelaque
778 2719 800 2761 V
844 2711 944 2764 mutua
962 2712 1018 2765 Ba.
1075 2717 1160 2767 8sa-

139 2781 303 2852 orgilegium
322 2791 351 2848 V,
371 2781 569 2852 sacrilegium}
587 2791 619 2833 M
688 2786 703 2834 9
724 2780 808 2850 spolii
826 2790 860 2847 Β,
880 2799 892 2834 e
911 2781 1008 2836 addo
1063 2785 1160 2840 nomi—

138 2905 206 2940 num
224 2897 251 2940 Β
308 2853 466 2958 tempdrum
485 2896 513 2940 Β
575 2894 608 2942 14
626 2904 681 2958 quo
700 2897 722 2940 V
779 2893 811 2940 15
830 2888 969 2957 vagedum
988 2897 1048 2954 Βνς
1068 2905 1160 2960 agen-

139 2957 234 3024 dumc
290 2965 322 3013 16
341 2958 429 3014 ferror
442 2969 477 3025 Β,
496 2970 592 3014 corne
640 2957 782 3012 effuderit:
802 2959 813 3012 i
831 2977 865 3014 cx
877 2977 945 3014 corr.
961 2968 999 3026 Β;
1018 2958 1160 3017 effuderet

139 3040 167 3083 Β
235 3030 497 3085 ubi-consederit
516 3031 533 3084 t.
545 3034 581 3084 17
599 3047 648 3086 om.
663 3040 698 3097 Β,
717 3033 749 3085 ia
766 3048 853 3101 marc.
872 3032 967 3098 infimo
985 3031 1084 3085 udde

140 3101 266 3169 depastis
293 3101 355 3169 Gr.;
383 3101 507 3171 depastis
533 3101 609 3155 intus
637 3101 699 3156 Obr.
786 3103 925 3156 senectus:
952 3117 1049 3156 sensus
1074 3104 1158 3160 Dese.

135 3227 165 3277 p.
180 3212 218 3264 99
299 3213 332 3261 17
354 3188 480 3264 ediderit
497 3218 518 3261 V
579 3207 706 3278 hospicio
725 3217 753 3261 Β
823 3214 857 3262 18
876 3223 927 3262 sua
945 3209 1065 3263 retinere
1084 3220 1108 3262 V

141 3286 173 3334 19
193 3278 358 3334 omnibuse
447 3284 481 3333 20
499 3286 632 3334 ιιοιιθτωῑι
646 3288 680 3346 Β,
698 3295 863 3334 noveramus
882 3290 936 3343 vec
1022 3281 1161 3337 erectior-

140 3363 228 3419 quec
292 3350 379 3405 rediit
398 3350 460 3420 θη
480 3366 509 3404 se
528 3351 608 3405 dedit
625 3352 681 3406 Ba.
755 3357 787 3404 21
798 3351 900 3434 ἰῑιὺται
919 3353 948 3406 ffi
966 3352 998 3404 in
1011 3368 1067 3406 ras.
1084 3363 1108 3405 V

139 3476 186 3529 iuv
203 3475 259 3530 ntis
278 3484 311 3529 Β
379 3481 414 3528 23
432 3457 523 3530 bibite
537 3485 565 3527 Β
624 3481 658 3528 24
676 3426 817 3544 permittis
831 3484 864 3530 Β
928 3481 963 3530 26
981 3477 1060 3529 extra
1079 3492 1159 3532 cone.

140 3560 177 3612 co
246 3547 281 3601 ab
300 3556 352 3600 ΒΥ
367 3549 445 3616 (corr.
460 3551 489 3616 b)
561 3545 624 3599 uias
642 3556 670 3600 Β
739 3546 870 3601 vocabuli
886 3547 966 3602 coa:
985 3546 1064 3617 vulgi
1083 3569 1108 3600 ω
