2430 3952
445 207 679 263 DECLAMATIO
697 209 712 262 Ι
730 214 834 263 10-12
1106 211 1146 275 13

133 378 195 450 bat,
219 378 349 436 auferret
370 376 522 434 indicium.
560 377 611 436 sed
630 377 702 452 quid
720 396 775 456 ego
793 397 857 436 rem
874 379 1147 438 manifestissimam

134 465 264 544 colligo?
300 468 326 525 si
344 464 445 539 vultis,
462 465 584 540 iudices,
603 467 687 540 scire,
706 485 724 524 a
743 487 802 543 quo
821 470 861 527 sit
878 470 1000 527 relictus
1020 468 1147 545 gladius,

133 556 263 633 cogitate
287 555 335 613 cui
358 554 529 630 expedierit,
552 557 586 612 ut
608 555 797 629 inveniretur.

202 643 259 702 Sed
278 643 376 719 paries
395 662 488 718 usque
506 643 544 701 ad
563 644 730 709 cubiculum
748 646 879 723 privigni
896 646 1022 724 vestigio
1040 665 1146 706 manus

108 735 307 793 seruentatus
332 736 384 792 est.
422 733 561 810 cogitate,
583 734 704 808 iudices,
728 737 797 794 ante
821 737 921 793 omnia
942 754 1002 794 non
1021 754 1084 794 esse
1101 738 1147 794 in-

136 822 277 887 callidum
304 822 453 881 hominem
477 840 573 897 neque
601 823 718 881 consilii
744 825 870 883 iacentis
894 825 945 898 qui
972 842 1075 884 caecus
1099 844 1146 882 ex·

133 912 246 988 plicare
276 913 398 970 conetur
426 911 542 970 facinus
571 912 662 970 etiam
689 913 783 972 oculis
818 912 946 971 difficile.
992 914 1044 972 ille
1077 932 1147 990 ergo

134 1019 193 1059 non
213 1002 360 1075 aestimat,
383 1019 450 1058 cum
468 1019 588 1058 manum
610 1003 762 1059 cruentam
780 1001 889 1078 parieti
907 1002 1040 1078 adplicat
1057 1004 1147 1061 vesti-

134 1090 217 1167 gium
241 1089 478 1165 aseparricidii
502 1090 548 1148 sui
567 1088 718 1165 relinqui?
742 1109 808 1148 cum
826 1090 977 1150 dexteram
997 1111 1056 1166 qua
1075 1091 1147 1150 duee

95 1201 121 1240 10
135 1177 283 1252 utebatur,
306 1180 388 1237 veste
410 1179 511 1255 tegere
530 1180 619 1253 atque
641 1178 687 1237 ita
705 1178 788 1238 abire
807 1182 869 1239 sine
888 1180 1015 1258 vestigio
1037 1182 1148 1257 posset,

134 1270 231 1327 totum
254 1267 400 1343 parietem
418 1267 592 1326 cruentabat
616 1270 646 1326 et
668 1266 777 1344 ubique
797 1268 912 1344 aliquid
929 1269 965 1327 de
988 1272 1073 1344 patre
1091 1271 1147 1328 mi-

134 1375 200 1415 sero
223 1354 435 1431 relinquebat?
481 1356 552 1431 quid
574 1357 710 1414 futurum
732 1359 809 1416 esset
831 1360 950 1434 postero
975 1358 1031 1433 die,
1054 1378 1147 1434 quan-

134 1448 198 1503 tam
221 1447 404 1523 exspectaret
430 1445 589 1505 invidiam:
619 1446 715 1504 lucem
737 1464 797 1504 non
820 1446 984 1524 cogitabat,
1014 1447 1065 1506 sed
1088 1448 1146 1506 dis-

134 1533 265 1610 ponebat
291 1533 435 1592 indicium
462 1536 589 1608 certum,
618 1534 833 1609 indubitatum,
861 1537 924 1594 sine
948 1554 1044 1594 errore
1068 1536 1147 1612 quod

94 1644 120 1685 15
135 1641 262 1682 noverca
288 1625 461 1698 sequeretur
488 1623 642 1698 usquead
670 1622 836 1682 cubiculum
859 1642 958 1699 suum,
986 1643 1078 1699 usque
1109 1625 1147 1684 ad

135 1713 225 1770 limen
253 1713 362 1788 ipsum.
408 1730 425 1770 o
450 1711 655 1771 admirabilem
678 1714 791 1772 casuml
819 1731 873 1771 neo
897 1731 983 1772 eruor
1006 1716 1074 1771 ante
1098 1714 1147 1772 de·

135 1798 227 1860 fecit?
271 1803 341 1859 utar
367 1801 422 1859 hoe
449 1801 514 1859 loco
542 1804 651 1860 natura
677 1801 771 1877 ipsius
799 1802 851 1860 rei.
901 1803 1051 1878 palmatus
1080 1821 1146 1861 san·

134 1891 224 1968 guine
257 1890 355 1965 paries
387 1891 526 1949 inventus
554 1892 596 1949 sic
624 1893 681 1949 est:
713 1893 809 1949 totam
840 1910 962 1949 manum
995 1892 1146 1966 explicuit,

135 1997 236 2038 omnes
260 1979 370 2056 digitos
393 1978 553 2056 diligenter
575 1979 725 2054 expressit.
762 1983 861 2038 totum
883 1998 953 2057 ergo
973 1980 1147 2058 sanguinem

92 2091 120 2130 ao
135 2071 287 2128 consumet
309 2068 389 2125 intra
411 2068 508 2144 prima
526 2068 662 2145 vestigia.
698 2088 775 2145 pone
799 2069 877 2127 enim
900 2087 1022 2127 manum
1045 2089 1146 2128 cruen-

134 2160 231 2215 tatam
250 2157 339 2231 atque
359 2155 440 2231 adeo,
455 2159 489 2214 ut
506 2156 572 2216 istis
592 2158 686 2217 etiam-
700 2157 847 2231 blandiar,
864 2157 1046 2235 madentem3
1069 2177 1147 2235 pone

134 2264 303 2305 mensuram
330 2245 459 2320 itineris,
488 2247 619 2321 spatium
645 2246 783 2323 parietis,
806 2279 848 2287 —
873 2246 924 2304 diu
948 2246 1080 2305 enimin
1103 2265 1147 2306 se-

136 2337 247 2393 cretam
270 2335 374 2394 domus
400 2336 518 2409 partem
539 2334 745 2395 revertendum
769 2337 814 2394 est
837 2368 879 2376 --
903 2336 991 2394 debet
1012 2336 1147 2411 proxima

135 2442 205 2498 pars
224 2442 242 2481 a
261 2422 395 2482 cubiculo
414 2425 510 2499 patris
530 2423 638 2483 habere
657 2424 818 2500 plurimum
837 2424 1010 2501 sanguiniS,'
1023 2443 1146 2500 sequens

93 2534 121 2575 ae
135 2513 300 2587 minimum,
323 2512 430 2570 ultima
453 2512 535 2570 nihil.
573 2531 643 2570 nam
662 2531 756 2588 cruor,
781 2513 917 2589 quotiens
937 2512 1074 2571 admotus
1092 2514 1199 2588 est,12

135 2602 245 2660 transit
278 2602 329 2658 aut
356 2603 388 2659 in
415 2620 506 2660 manu
533 2602 618 2661 tarde
650 2601 795 2678 reptantis
828 2601 943 2661 arescit.
988 2601 1044 2661 hoc
1076 2601 1148 2676 quid

135 2709 198 2750 esse
226 2690 357 2749 dicamus
386 2689 465 2764 quod
496 2691 574 2750 circa
602 2690 771 2750 cubiculum
802 2693 962 2766 utrumque
994 2691 1147 2768 sanguinis

134 2781 222 2840 istius
245 2779 406 2856 vestigium
429 2779 514 2854 quasi
541 2778 669 2857 incipit?
712 2780 782 2839 hinc
805 2783 850 2839 est
871 2780 969 2857 paries
996 2780 1147 2856 palmatus

135 2871 166 2928 et
183 2865 289 2927 illinc?
322 2868 468 2944 quomodo
490 2869 616 2953 pertulit
632 2887 738 2928 manus
758 2869 837 2944 quod
855 2868 1064 2944 relinquebat?
1095 2888 1147 2930 no·

207 3091 340 3145 letiam:
361 3055 435 3145 ettm
453 3100 492 3159 133
511 3093 540 3144 et
557 3096 615 3146 itm
634 3100 666 3145 M
725 3093 969 3156 8cruentatamp
1028 3091 1147 3145 trelin-

135 3199 196 3267 qua
215 3213 246 3251 ω
264 3180 367 3266 ructu
384 3206 418 3265 r,
437 3216 456 3250 a
475 3197 571 3252 caca
627 3202 660 3251 10
679 3197 756 3251 aeae
770 3207 807 3253 r:
826 3198 931 3252 uasere
943 3207 1059 3264 nvem
1078 3198 1148 3252 aas·

135 3271 176 3323 ire
196 3278 245 3322 us
318 3276 349 3323 11
368 3267 482 3323 misero:
501 3268 603 3322 misero
622 3271 692 3322 etB
763 3274 796 3322 12
816 3285 876 3323 esse
893 3279 915 3321 V
974 3271 1148 3337 quamtamc

137 3347 170 3394 13
190 3340 226 3394 ad
244 3339 336 3394 lucem
354 3342 410 3394 Bc.
484 3346 517 3395 16
538 3356 645 3394 casum:
671 3355 785 3394 causam
803 3342 836 3394 ic
854 3357 969 3395 causum
989 3357 1058 3395 corr.
1077 3349 1099 3392 V

137 3416 170 3465 17
189 3411 278 3481 ipsius
296 3412 337 3465 rei
355 3413 457 3465 natura
476 3424 491 3477 β
562 3417 596 3465 20
615 3414 771 3466 consumet:
791 3415 955 3467 consument
973 3412 1029 3482 (aad
1047 3429 1067 3463 u
1086 3411 1146 3480 dcl.)

135 3526 175 3584 ⁸3
195 3503 416 3588 00118111ιὲ112(ι
438 3518 502 3573 adol.
516 3520 542 3588 e)
615 3524 648 3572 22
668 3535 798 3572 mensura
811 3527 864 3571 BV
932 3523 964 3572 27
984 3519 1145 3586 utrumque:

136 3589 277 3658 utrimque
295 3590 354 3647 Scb.
429 3595 463 3643 28
482 3590 537 3644 est:
557 3604 617 3643 esee
635 3598 663 3642 Β
