2430 3952
364 213 667 271 DECLAMATIONES
685 215 752 269 XH.=
763 215 835 269 XIII.
1041 214 1105 279 381

474 426 646 496 ’551

161 563 306 622 Initum:
329 563 490 622 Hortulum
520 582 613 621 unum
639 562 797 636 habebam,
828 581 845 621 o
869 560 994 636 iudices,
1023 563 1107 621 iuxta

95 652 232 725 divitem,
260 653 352 711 istum
381 671 441 710 non
469 652 638 711 nemoribus
668 652 896 711 consitum'nec
923 650 1108 710 fructuosum

94 760 148 800 nec
176 741 307 816 amplum
337 740 388 800 sed
417 742 584 799 ieiunarum
613 740 767 818 glebarum
796 742 827 798 et
855 739 977 798 humilis
1002 740 1107 815 thymi,

58 847 80 889 ‘s
94 831 167 889 haec
191 832 262 905 apta
284 831 430 905 possessio
454 830 528 888 mihi
550 849 604 904 pro
627 848 719 906 regno
743 830 808 887 erat
829 829 985 888 latissimo.
1027 829 1108 888 dives

94 920 143 978 bic
172 921 270 977 totum
304 919 487 994 adquisierat
522 937 615 993 usque
650 917 688 976 ad
723 918 845 976 hortum
878 937 978 976 meum
1012 920 1043 978 et
1072 917 1108 976 de

94 1007 229 1084 pluribus
247 1008 342 1067 hortis
359 1008 491 1083 plurium
508 1027 601 1070 unum
619 1007 738 1066 fecerat.
779 1007 851 1066 dum
869 1007 985 1066 iuvenis
1008 1006 1053 1064 fui
1076 1007 1108 1088 15

95 1098 182 1156 horto
205 1115 271 1155 meo
294 1096 431 1156 manibus
449 1096 591 1172 laboravi,
614 1115 693 1155 nunc
716 1114 803 1155 senex
822 1097 852 1154 et
874 1095 980 1154 debilis
1003 1095 1108 1156 videns

96 1205 143 1244 me
171 1186 417 1261 circumsaeptum
440 1205 458 1245 a
480 1186 568 1244 terris
598 1184 714 1260 divitIs,
741 1186 776 1243 ut
802 1185 853 1243 vix
876 1186 982 1249 semite
1009 1185 1107 1247 tenuis

56 1295 83 1335 10
96 1275 261 1351 ingressum
299 1275 374 1332 mihi
407 1273 499 1333 daret.
552 1274 621 1332 11150
638 1305 676 1314 -
693 1275 789 1332 exitus
823 1265 881 1354 (=
894 1292 927 1347 p.
945 1275 1021 1342 248,
1039 1265 1108 1355 22).

96 1363 199 1422 videns
222 1381 291 1441 ergo
311 1363 389 1437 quod
407 1381 467 1421 non
484 1381 602 1438 possem
619 1362 661 1421 ibi
679 1362 788 1421 habere
805 1381 913 1437 pecora
932 1366 963 1421 et
981 1381 1110 1440 gregem,

97 1470 278 1527 quamquam
305 1453 362 1510 hoc
391 1453 571 1528 competeret
600 1451 747 1510 debilitati
779 1470 863 1510 meae
890 1451 1111 1526 sustentandae,

29 1527 35 1556 ⁸
97 1542 227 1618 cogitavi
250 1559 389 1615 quaerere
410 1541 486 1599 511111
515 1540 627 1599 animal
650 1540 730 1615 quod
759 1540 848 1599 volet
891 1559 961 1617 apes
991 1559 1111 1617 congre·

97 1630 167 1707 gavi
184 1629 227 1687 ibi
246 1648 290 1704 eo,
313 1629 392 1705 quod
409 1631 563 1706 praestans
589 1631 634 1688 est
653 1629 772 1687 animal.
809 1631 880 1688 sunt
898 1631 977 1688 enim
994 1648 1112 1705 parcae,

57 1738 83 1781 rs
97 1718 206 1792 fideles,
229 1718 394 1777 laboriosae
417 1721 466 1778 etc.
486 1709 537 1799 (cs.
551 1736 583 1792 p.
602 1720 677 1787 248,
695 1709 764 1798 25).

159 1826 191 1882 p.
210 1808 285 1876 250,
303 1810 326 1866 2
347 1808 438 1884 impie
461 1809 593 1883 tyranne
611 1804 691 1882 quo?

158 1915 191 1970 p.
210 1897 285 1964 254,
303 1899 348 1956 23
372 1899 403 1956 55
426 1915 496 1973 apes
519 1895 640 1955 domum
662 1914 716 1954 sua
739 1897 844 1972 sponte
862 1896 999 1955 revolant
1018 1898 1048 1954 et
1069 1896 1112 1956 ibi

97 1989 183 2044 nocte
204 1988 342 2061 pausant.

159 2093 192 2149 p.
210 2075 286 2144 256,
306 2078 326 2132 7
348 2074 421 2134 dicis
445 2075 583 2133 ulterius:
606 2075 640 2132 ut
662 2073 805 2133 damnum
828 2075 868 2133 sit
891 2079 939 2134 etc.

56 2185 84 2223 ao
159 2164 286 2238 pa57,
307 2167 348 2222 16
378 2165 404 2222 01
441 2163 582 2221 damnum
618 2163 772 2239 accepisti,
808 2166 874 2222 erat
912 2163 972 2237 lex,
1005 2164 1112 2238 forum,

97 2252 197 2327 iudex,
233 2255 292 2311 nisi
325 2254 355 2311 te
391 2252 503 2328 pudeat
538 2251 685 2311 vindicari
717 2253 790 2311 iure.
841 2253 868 2311 si
900 2254 979 2311 enim
1011 2252 1114 2312 11001115

98 2341 220 2400 cuilibet
256 2341 420 2401 vindictam
454 2342 599 2417 accipere,
640 2342 699 2400 oito
736 2343 873 2416 potentes
911 2341 1114 2400 adnihilarent

98 2448 250 2506 pauperes.

160 2536 193 2591 p.
212 2519 287 2588 258,
306 2521 327 2577 3
350 2521 433 2582 cuius
455 2519 499 2577 rei
522 2517 572 2577 vix
598 2518 727 2578 inveniri
754 2520 854 2593 potest
880 2518 999 2577 brevior
1022 2519 1113 2577 aetas.

57 2627 85 2668 as
100 2607 148 2665 vel
176 2607 255 2664 enim
284 2610 372 2666 vento
402 2607 450 2666 vel
480 2609 572 2666 etiam
600 2609 663 2666 sine
694 2610 782 2666 vento
811 2607 915 2666 defluit
943 2607 993 2665 vel
1023 2608 1117 2681 etiam

99 2697 262 2754 marcescit.
304 2715 394 2770 quare
418 2696 444 2755 si
466 2695 602 2770 dicerem,
626 2695 772 2755 abstulere
795 2698 930 2772 peritura
953 2700 1002 2754 cto.

160 2803 193 2858 p.
213 2785 288 2853 258,
306 2787 351 2843 26
381 2785 452 2842 Posi
480 2784 564 2843 brevi
597 2786 737 2844 contactu
768 2785 831 2843 vim
865 2785 912 2843 sui
941 2785 1115 2860 relinquunt

100 2879 232 2947 excerpta
255 2874 380 2932 adduct:
412 2891 467 2948 pro
493 2873 691 2932 551151011150
721 2874 844 2949 salario,
874 2875 979 2949 impie,
1008 2873 1114 2949 apibus

99 2982 246 3022 venenum
267 2962 431 3021 reddidisti.

58 3073 87 3113 ao
161 3071 194 3125 p.
213 3055 288 3120 260,
309 3055 351 3110 16
369 3051 464 3125 credo,
483 3051 604 3126 iudices,
617 3051 808 3127 prudentiam
828 3053 959 3110 vestram
977 3052 1114 3110 ulteriori

101 3140 304 3201 exhortatione
327 3159 387 3199 505
411 3160 504 3219 egere.
609 3198 611 3203 2

161 3232 288 3302 p.261,
309 3231 351 3289 15
377 3231 490 3289 5515151
520 3229 673 3303 innocens,
701 3248 870 3305 operosum,
893 3230 968 3288 utile
994 3230 1109 3288 homini

102 3317 181 3392 quod
203 3320 310 3378 natura
331 3321 446 3378 homini
468 3319 551 3378 dedit
572 3337 632 3377 non
655 3318 751 3378 solum
774 3318 813 3377 ad
835 3337 930 3394 usum,
956 3321 990 3377 ut
1014 3322 1112 3378 cetera

173 3528 189 3575 5
208 3522 362 3577 hortulum:
377 3525 455 3580 babet
468 3527 524 3594 fere
536 3541 639 3594 semper
652 3525 738 3592 ortus,
752 3523 903 3578 015515οΜ
956 3529 988 3578 12
1003 3525 1116 3635 0005011-

102 3594 182 3648 55555
202 3604 235 3648 Μ
303 3600 337 3649 26
355 3597 502 3651 marcessit
520 3605 553 3649 Μ
