2430 3952
157 183 219 247 108
464 182 606 238 'AEGER
623 182 842 238 REDEMPTVS

153 352 229 410 mihi
260 352 386 428 grande,
418 351 491 410 velit
518 352 607 427 nolit,
639 351 760 410 fortuna
792 353 824 410 in
857 351 986 412 orbitate
1013 354 1170 430 solacium,

154 440 249 498 filium
272 443 325 516 qui
342 439 463 499 relictus
481 460 548 499 mea
570 441 630 499 suit
652 441 814 500 moritmus
837 440 962 516 invidia,
982 460 1045 501 non
1068 443 1171 518 occidi,

155 529 207 588 sed
229 530 351 605 perdidi.
399 529 470 605 quid
493 532 551 604 ais,
573 528 712 588 iuvenis?
756 531 801 589 ita
823 531 849 588 si
870 530 1053 589 moriturum
1075 531 1172 590 filium

154 618 298 677 redimere
325 638 385 677 non
412 619 512 693 debui,
539 637 599 677 non
626 618 739 678 sufficit
764 619 837 678 haec
859 619 915 677 tibi
938 619 973 678 de
996 639 1046 678 me
1073 640 1172 696 poena

156 707 235 782 quod
257 707 308 764 ille
332 706 476 766 decessit?
512 708 601 766 irasci
622 709 703 782 patri
725 710 842 766 tantum
866 708 992 768 fortasse
1015 709 1064 768 fas
1084 712 1200 786 assati

156 796 182 855 si
213 796 327 855 viveret
362 796 462 855 frater.
511 800 583 855 tuno
620 796 762 855 alimenta
799 797 953 872 quaerenti
987 799 1172 873 respondere

154 903 268 961 posses:
293 880 391 960 ‘posce
410 880 597 959 praelatum'
632 887 776 960 quantum
794 887 946 963 intelleg0,
961 888 1014 962 qui
1032 887 1070 946 de
1088 907 1172 947 men·

156 974 278 1032 dicitate
291 975 386 1050 patris
400 973 570 1048 vindicaris,
586 975 669 1051 aegri
684 993 713 1033 es
727 974 874 1050 redempti
887 975 1003 1034 iuvenis
1018 977 1171 1036 inimicus.

155 1064 249 1121 nescis
278 1062 350 1138 quid
378 1063 417 1121 sit
448 1063 593 1121 invidiam
625 1064 721 1122 facere
752 1063 840 1139 patri.
885 1065 991 1124 melior
1020 1067 1088 1124 erat
1118 1069 1172 1125 tna

155 1169 254 1225 causa,
277 1152 302 1209 si
324 1151 383 1209 mei
405 1153 562 1210 misereris.
1185 1176 1203 1218 u

221 1239 263 1297 At
291 1242 416 1315 quanto,
448 1240 491 1298 dii
522 1241 665 1316 deaeque,
690 1241 765 1300 alius
797 1242 856 1300 fuit
887 1240 939 1298 ille
970 1242 1172 1303 infelicissimi

155 1329 271 1388 iuvenis
295 1327 438 1388 affectus?
474 1330 579 1389 nuntio
602 1331 681 1388 enim
704 1332 734 1389 et
757 1330 894 1390 audiente
914 1333 944 1389 et
961 1333 1027 1390 tota
1046 1331 1171 1392 civitate

155 1420 231 1477 teste
259 1420 423 1495 proclamo:
450 1418 507 1477 tibi
534 1420 646 1496 gratias
675 1419 782 1496 agebat
804 1419 869 1494 ille,
897 1419 968 1478 dum
994 1424 1171 1480 moreretur.

157 1508 243 1567 credo
266 1508 447 1567 mehercules
474 1509 530 1566 hoc
556 1509 697 1567 miserum
724 1507 824 1567 dolore
853 1511 1063 1585 consumptmn
1090 1510 1171 1586 quod

156 1597 213 1655 sibi
236 1597 394 1656 videbatur
421 1599 551 1673 pretium
574 1615 660 1656 suum
682 1597 757 1655 mihi
781 1597 950 1673 perdidisse.
996 1616 1057 1656 non
1082 1599 1171 1659 aliter
1183 1617 1202 1662 rs

155 1687 251 1762 igitur
274 1706 365 1761 quam
388 1686 413 1744 si
435 1689 466 1744 te
488 1689 644 1762 praesente
667 1685 815 1761 deficeret,
847 1681 911 1763 ‘per
936 1683 1033 1761 illud',
1061 1688 1170 1764 inquit,

157 1769 261 1833 ‘stater
280 1775 399 1850 optime,
421 1776 569 1833 natalium
587 1777 755 1834 nostrorum
775 1794 892 1834 sacrum
910 1775 1171 1852 venerandumque

157 1864 349 1938 consortium,
377 1882 430 1938 per
452 1865 546 1922 socias
569 1864 836 1940 peregrinationes,
862 1884 916 1940 per
938 1865 1063 1924 adversa
1092 1885 1170 1926 com·

155 1954 270 2025 munia,
298 1972 351 2025 per
373 1953 429 2010 hoc
452 1952 531 2028 quod
559 1954 588 2010 et
614 1954 649 2009 tu
675 1952 818 2029 languere
845 1953 984 2029 potuisti,
1012 1954 1037 2012 si
1065 1957 1096 2014 te
1121 1956 1170 2014 vel

155 2042 209 2098 tua
230 2040 408 2115 quandoque
427 2040 523 2099 virtus
541 2041 590 2098 vel
612 2043 736 2099 satietas
759 2061 861 2100 secura
883 2042 1068 2117 praedonum
1090 2044 1170 2120 pira-
1182 2064 1203 2105 ro

155 2128 215 2187 tico
240 2147 354 2186 carcere
378 2130 518 2204 emiserit,
541 2130 712 2188 commendo
735 2130 791 2188 tibi
814 2149 912 2190 senem
932 2151 1020 2206 quem
1041 2132 1170 2193 facimus

156 2219 279 2292 uterque
302 2217 477 2276 mendicum.
519 2220 613 2277 testor
635 2219 817 2278 immortalia
839 2221 962 2279 numina
985 2222 1016 2278 et
1037 2222 1171 2281 inferna-

156 2326 222 2364 rum
245 2306 347 2364 sedum
371 2306 449 2381 deos,
471 2325 622 2381 pascerem
645 2311 769 2383 patrem,
793 2311 871 2386 site
895 2306 1087 2368 redemisset!

223 2395 288 2472 Ego
315 2397 429 2469 tamen,
456 2397 569 2471 inquit,
596 2396 671 2455 mihi
698 2397 803 2473 debeo,
831 2399 911 2473 quod
936 2417 1071 2457 reversus
1095 2418 1169 2458 sum.

156 2505 215 2544 non
239 2484 358 2561 quidem
382 2483 524 2560 quiddam
547 2485 648 2560 veliin,
672 2486 800 2561 iuvenis,
824 2487 859 2545 de
877 2489 1023 2546 virtutum
1047 2491 1204 2550 tuarumat

156 2574 355 2633 admiratione
383 2573 560 2646 detractum,
589 2575 693 2633 audias
721 2578 820 2634 tamen
848 2594 964 2635 necesse
988 2578 1033 2634 est
1057 2578 1090 2634 in
1113 2578 1170 2637 hac

157 2664 270 2739 pietate
292 2682 403 2722 verum.
450 2664 577 2721 evasisse
600 2665 630 2721 te
653 2666 755 2740 putas,
782 2663 921 2742 ingrate?
966 2665 1105 2726 dimissus
1129 2686 1168 2726 es.

156 2772 223 2810 mea
250 2752 346 2827 pietas
373 2751 467 2826 istud,
495 2770 563 2809 mea
590 2753 662 2810 fecit
690 2753 802 2812 electio.
848 2754 926 2814 unde
954 2757 1032 2812 enim
1061 2757 1170 2832 evenit,

157 2841 300 2917 quicquid
324 2843 393 2900 ante
416 2841 576 2916 captivitas
598 2843 652 2899 tua
669 2845 822 2917 praestare
845 2863 904 2901 non
927 2842 1047 2920 potuit?
1078 2844 1169 2921 iacta,

230 2995 331 3046 ttunc
350 3004 377 3047 a:
396 3009 471 3046 nunc
490 3014 512 3045 ω
568 2991 889 3062 tquide:quidem11
941 2995 1066 3064 8patris
1081 3006 1172 3051 οη]

158 3069 190 3117 11
211 3067 251 3117 at:
275 3065 358 3117 ahB
438 3069 471 3118 14
493 3063 806 3118 hocmemiserumu
891 3072 923 3120 19
946 3084 997 3135 per
1016 3068 1044 3120 et
1062 3067 1115 3121 hoc
1132 3077 1168 3135 B,

157 3137 186 3187 et
204 3136 287 3188 dett
349 3136 427 3189 velut
444 3145 472 3189 Β
542 3140 575 3189 20
595 3136 781 3205 quandoque}
799 3139 827 3205 (2
845 3137 885 3191 uel
904 3142 921 3190 3
940 3139 990 3192 litt.
1006 3140 1052 3206 er.)
1068 3146 1101 3190 Μ

157 3211 190 3274 21
211 3221 349 3259 carcerem
367 3207 476 3260 miserit
493 3216 532 3273 113
552 3222 661 3261 carcere
679 3207 817 3260 remiserit
835 3217 865 3274 η
885 3225 994 3263 carcere
1012 3210 1122 3263 miserit
1140 3219 1174 3263 M

158 3282 191 3329 23
211 3278 308 3331 sedum
327 3277 347 3346 (i
365 3295 439 3346 supr.
455 3279 482 3347 o)
497 3299 527 3332 a:
548 3279 656 3332 sedium
675 3290 727 3342 ayo
788 3279 947 3333 redimisset
964 3291 985 3333 V
1018 3286 1020 3289 '
1054 3286 1087 3333 25
1107 3280 1170 3350 qui-

158 3348 222 3400 dam
241 3349 561 3417 113quicquamt⁷mou
625 3349 733 3403 iuvenis
751 3349 869 3414 velims
936 3355 1048 3406 tuarum
1068 3369 1118 3406 om.
1135 3362 1169 3419 Ρ,

156 3436 230 3488 supr.
243 3441 265 3480 n
319 3425 353 3473 26
373 3421 626 3488 ammirationem,
643 3420 849 3491 {admiratione
863 3424 945 3490 (4-5
960 3425 1010 3477 litt.
1024 3426 1071 3493 er.)
1086 3432 1119 3476 Μ

158 3491 314 3544 detractum
332 3508 382 3546 om.
399 3501 432 3559 Ρ,
453 3509 529 3561 supr.
542 3514 564 3554 p
653 3497 687 3546 nt
710 3492 830 3560 pietate:
849 3496 930 3561 parte
952 3494 1013 3548 Otr.
1104 3510 1169 3548 eva-

157 3562 243 3616 luisse
261 3572 285 3616 J
354 3567 387 3615 29
410 3565 486 3634 {non
504 3565 586 3633 (3—4
604 3565 655 3619 litt.
670 3564 717 3633 er.)
732 3573 764 3617 Μ
