2430 3952
363 232 598 289 DECLAMATIO
617 233 681 288 VIII
696 239 808 289 ia-aa
1032 235 1096 302 165

83 406 203 462 tanturn
233 403 386 482 languoris
419 402 568 462 medicum
600 404 748 476 quaesisse
785 401 911 462 causas?
949 406 1097 479 quaesivit

85 492 227 567 quiequid
249 493 400 552 nesciebat
423 495 453 552 et
475 508 545 550 usus
569 493 722 550 occasione
748 494 901 552 rarissima
923 494 955 550 in
980 512 1097 552 omnem

84 581 181 641 voluit
198 581 339 657 proficere
357 582 530 640 novitatem.
568 579 611 638 dii
628 582 811 655 inmortales,
831 583 976 655 quantum
993 583 1097 642 infelix

83 672 199 729 iuvenis
227 672 357 744 animae,
386 672 531 746 quantum
560 672 726 746 sanguinis,
757 672 902 744 quantum
928 670 1035 730 habuit
1062 691 1097 730 er

59 761 149 819 suita
181 761 233 834 qui
263 760 390 835 pertulit
421 758 555 818 ordinem
588 758 778 835 longissimae
815 757 997 819 curationis?
1046 762 1097 818 vix

85 867 173 926 aegre
204 850 311 908 misero
340 848 427 908 licuit
453 849 543 921 mori,
575 849 625 906 vix
653 866 671 905 a
698 848 877 907 cruciatibus
906 848 967 907 suis
997 851 1097 907 anima
1182 845 1185 853 ’

86 937 208 996 dimissa
227 939 280 996 est.
316 939 472 996 inventum
493 938 609 1012 putatis
628 954 689 996 esse
712 935 907 1015 languorem?
942 939 1098 996 inventum

85 1028 130 1086 est
151 1026 238 1084 illum
260 1029 393 1102 potuisse
417 1028 525 1086 sanari.
571 1025 698 1102 agedum
721 1029 886 1085 commento
909 1028 975 1101 tuo,
1002 1045 1097 1101 senex,

85 1115 227 1191 superbus
247 1116 355 1190 exulta,
373 1116 466 1174 habes
485 1114 565 1189 quod
582 1114 693 1189 liberis,
718 1116 796 1190 quod
814 1115 996 1190 parentibus,
1019 1116 1098 1191 quod

45 1225 72 1264 10
85 1206 223 1280 inputare
242 1206 360 1263 saeculo
374 1206 478 1280 possis,
492 1205 591 1262 fecisti
608 1204 756 1262 medicum
768 1205 918 1279 parricida
936 1206 1096 1264 meliorem.

85 1293 160 1351 libet
186 1293 368 1352 mehercules
395 1294 507 1351 intueri
533 1312 590 1368 par
617 1293 701 1351 illud.
752 1311 875 1370 aegrum
906 1293 1014 1352 videtis
1046 1295 1097 1352 ho·

84 1381 195 1441 minem
219 1384 338 1457 qualem
364 1401 424 1440 nen
448 1383 592 1441 salutares
615 1382 799 1440 medentium
820 1396 940 1456 manus,
967 1401 1027 1441 non
1051 1403 1098 1443 ars

85 1471 207 1529 inventa
234 1489 288 1546 pro
311 1472 389 1546 vita,
417 1471 467 1530 sed
496 1470 554 1528 diri
580 1471 711 1528 ferarum
743 1470 898 1545 rabidique
925 1489 1040 1531 morsus
1068 1475 1099 1530 et

85 1560 261 1618 animalium
287 1561 381 1620 fames
409 1562 520 1618 satiata
548 1559 700 1632 destituit,
729 1559 798 1617 hinc
825 1560 919 1617 alium
946 1562 978 1617 in
1006 1579 1098 1620 novas

44 1668 70 1709 rs
85 1650 163 1708 vires
194 1668 354 1724 recensque
381 1649 474 1708 robur
503 1648 620 1706 reddito
648 1651 750 1726 vigore
782 1651 960 1726 surgentem.
1006 1650 1098 1709 vultis
1146 1689 1147 1692 =

85 1740 169 1812 scire,
190 1738 313 1813 iudices,
336 1737 413 1797 unde
437 1737 552 1797 venerit
573 1738 660 1796 tanta
684 1734 862 1797 diversitas?
902 1738 989 1795 illum
1012 1740 1099 1813 pater

85 1829 215 1901 curavit,
242 1829 321 1885 hune
348 1830 453 1886 mater.
501 1821 679 1901 ‘quantum',
707 1828 819 1901 inquit,
843 1820 963 1886 ‘misera
987 1828 1099 1903 pertuli

85 1916 229 1989 laborem,
258 1916 329 1974 dum
355 1919 419 1975 tam
445 1934 587 1993 magnam
602 1916 699 1974 *foveo
728 1913 908 1974 tristitiam?
952 1935 1012 1974 non
1040 1916 1099 1975 fuit
1168 1978 1176 1991 ,

85 2005 160 2063 mihi
185 2007 251 2064 rixa
283 2024 350 2064 eum
376 2005 487 2064 morbis
514 2023 568 2064 nec
595 1995 663 2063 cum
693 2004 888 2082 repugnantis
917 2005 1098 2064 valetudinis

45 2113 71 2153 ao
84 2096 183 2171 rigore
206 2096 366 2153 contentio.
402 2096 484 2153 totus
502 2095 534 2152 in
555 2093 693 2153 lacrimas
711 2112 933 2168 maeroremque
951 2096 1099 2154 resolutus

86 2183 190 2242 oderat
212 2184 317 2258 lucem,
335 2183 496 2260 respuebat
514 2182 602 2257 eibos,
625 2182 800 2242 fastidiebat
816 2185 941 2242 haustus
955 2186 986 2242 et
1003 2185 1099 2242 vitam

85 2272 240 2347 parricidii
262 2272 374 2348 pudore
399 2271 544 2350 fugiebat.
588 2273 620 2329 in
644 2272 725 2331 omni
752 2272 984 2348 proclamatione
1008 2275 1098 2350 gerui-

85 2363 177 2436 tuque
200 2362 307 2436 frater,
329 2361 381 2420 ille
400 2361 503 2420 diebus
522 2379 557 2419 ac
582 2361 718 2420 noctibus
742 2363 945 2438 cogitationes,
968 2361 1020 2419 ille
1038 2368 1099 2419 tor·

86 2451 197 2524 quebat
216 2446 335 2509 oculos'
373 2451 409 2509 de
429 2451 535 2525 quibus
557 2451 592 2508 tu
616 2452 712 2528 aegris
733 2452 933 2524 impotissima
950 2451 1098 2508 medicina

44 2558 72 2598 rs
85 2540 213 2598 mentita
236 2537 286 2599 es?
332 2559 392 2599 non
419 2540 491 2613 fuit,
518 2559 579 2599 non
606 2540 665 2597 fuit
688 2540 751 2599 sele
779 2540 922 2615 languore
949 2541 1099 2614 periturus

86 2646 174 2702 quem
196 2647 258 2686 non
279 2631 381 2704 potuit
403 2648 457 2688 neo
474 2647 554 2688 mors
577 2629 680 2688 fratris
699 2629 839 2687 cecidere.
877 2622 962 2702 ‘quid
984 2623 1099 2705 igitur',

85 2717 186 2791 inquit
207 2719 374 2777 miserrima
397 2719 584 2791 feminarum,
608 2711 790 2776 ‘saevissime
810 2735 905 2790 senen,
929 2735 963 2774 er
981 2717 1037 2775 hac
1054 2735 1100 2775 re-

86 2806 259 2865 cordatione
285 2808 475 2867 tristissimae
502 2807 640 2866 orbitatis
664 2806 703 2865 ad
728 2807 783 2866 hos
806 2807 907 2864 vultus
934 2807 1100 2881 faciemque

86 2894 287 2955 converteris?
324 2898 387 2955 sine
410 2896 500 2955 dubio
523 2895 601 2954 filius
625 2897 670 2955 est
693 2897 814 2971 etpost
836 2896 1027 2973 gravissimas
1051 2895 1099 2953 de-

46 3004 73 3045 ae
87 2986 290 3045 nuntiationes
312 2986 446 3045 redditus
470 2980 569 3044 vitna'

154 3073 213 3133 Sed
238 3076 375 3153 ignoscat
395 3077 523 3151 natura,
549 3075 660 3149 pietas,
688 3093 748 3132 non
771 3075 816 3132 cst
839 3073 983 3132 solacium
1009 3074 1101 3131 matri
1115 3070 1152 3126 22

158 3303 174 3352 5
198 3277 363 3351 curationis:
382 3296 498 3351 -ationi-
516 3299 548 3351 ia
565 3313 619 3350 ros.
635 3304 663 3348 Β
751 3301 767 3348 6
791 3296 861 3350 suis:
881 3297 936 3349 -ui-
955 3298 987 3350 ia
1004 3313 1059 3350 ras.
1074 3305 1102 3349 Β

87 3367 301 3439 teuperexulta
319 3377 378 3421 ΒΜ
452 3368 540 3436 quod:
560 3367 609 3437 qui
628 3376 655 3418 P
728 3367 808 3422 libris
827 3378 854 3420 Ρ
934 3373 966 3420 11
990 3369 1101 3435 partem

86 3439 154 3494 illuc
176 3450 197 3493 V
275 3445 307 3492 13
330 3438 479 3509 rapidique
497 3450 522 3491 J
602 3443 633 3492 17
658 3438 782 3510 pertuli}
798 3448 827 3492 Β
905 3443 937 3493 19
962 3454 1101 3507 repugna-

85 3546 124 3602 tis
142 3556 170 3600 ι’
240 3545 406 3601 valitudinis
429 3555 450 3598 V
536 3551 570 3599 22
588 3527 694 3614 pddore
712 3555 740 3599 Β
824 3551 858 3598 23
876 3544 1063 3612 torquebatur
1082 3553 1104 3594 s

86 3622 122 3673 24
139 3616 415 3689 impotentissimae
