2430 3952
126 187 190 253 298
512 187 615 242 Amol
632 188 752 244 VADES

126 359 189 416 sine
212 356 302 415 dubio
330 355 466 416 adiecisti
488 356 527 415 ad
551 357 657 416 matris
680 358 828 432 adfectus,
855 358 955 418 oculos
983 360 1016 417 in
1043 358 1148 418 media

126 446 255 505 orbitate
276 445 395 520 fudisti,
417 445 470 505 sed
490 445 567 504 illud
589 465 649 506 non
671 446 754 506 laxat
776 449 909 521 catenas,
927 465 988 506 non
1013 448 1148 523 explieat

126 553 240 610 corpus.
286 535 359 610 quid
383 535 459 593 mihi
486 534 607 609 prodest
633 534 690 594 iste
714 538 766 612 qui
793 554 824 594 se
848 537 924 595 citra
950 535 1049 594 filium
1075 555 1147 597 con·

125 626 265 700 sumpsit,
289 621 443 683 adfectus?
487 623 555 701 plus
578 623 697 684 fecisset
718 627 815 684 mater
838 643 914 700 quae
936 627 1009 685 isset
1034 625 1074 685 ad
1097 629 1146 702 ty·

124 731 259 771 rannum.
297 712 437 790 alligatus
456 732 531 786 sum,
549 715 583 771 tu
601 732 679 771 nunc
697 713 738 773 sic
756 713 849 789 flebis,
868 717 1024 790 tamquam
1042 715 1146 776 solvar
1171 735 1181 775 s

124 804 157 860 in
179 801 299 876 lectulo,
321 804 477 877 tamquam
499 803 531 859 in
553 803 614 861 tuis
636 802 774 862 manibus
793 802 932 878 expirem.
968 804 1000 860 in
1020 803 1146 879 quibus·

125 891 194 950 dam
213 889 436 977 calamitatibus
457 889 625 966 desperatio
643 911 704 950 non
727 896 772 951 est
795 911 927 952 summus
946 891 1086 969 affectus,
1115 897 1147 953 et

124 981 260 1055 quisquis
283 979 443 1039 orbitatem
470 980 574 1039 statim
602 980 707 1056 credit,
737 981 860 1040 festinat
883 980 922 1039 ad
943 981 1145 1056 inpatientiae

125 1069 322 1146 securitatem.
368 1067 533 1128 dissimules
561 1069 645 1145 lieet,
672 1072 781 1146 mater,
808 1071 910 1128 tantae
937 1089 992 1146 pro
1021 1089 1070 1128 me
1099 1074 1145 1130 in-

124 1159 302 1233 patientiae,
330 1160 394 1217 tam
420 1157 602 1218 incredibilis
631 1158 776 1234 adfectus,
805 1159 916 1219 amicus
943 1178 1008 1217 rem
1035 1158 1180 1220 difficire

125 1246 230 1306 liorem
252 1247 333 1321 fecit,
356 1246 436 1322 quod
458 1249 588 1306 servarit
606 1247 705 1307 oculos
724 1265 801 1324 suos,
824 1250 858 1306 ut
877 1248 1063 1325 alligaretur.
1102 1248 1144 1308 dii

125 1334 268 1410 deaeque!
295 1338 440 1411 quantum
462 1336 513 1394 ille
535 1337 687 1412 praestitit
711 1339 762 1412 qui
784 1337 860 1395 mibi
881 1336 990 1396 invidit
1013 1355 1145 1412 poenam

123 1443 221 1483 meam
239 1443 293 1484 neo
309 1425 444 1485 recessit!
481 1425 541 1500 ille,
564 1425 617 1484 ille
639 1426 804 1484 terribilem
822 1426 969 1485 carcerem
992 1425 1069 1485 facit
1088 1430 1143 1502 qui

122 1512 192 1572 inde
214 1515 354 1591 procedit.
391 1517 453 1573 iam
471 1534 531 1573 non
549 1515 681 1589 corporis
699 1534 791 1574 nexus
809 1514 960 1588 haerebat,
982 1532 1038 1574 nec
1057 1516 1144 1575 aliud

124 1622 214 1678 qnam
236 1603 407 1662 resederant
433 1602 562 1680 pondere
586 1606 720 1678 catenae,
746 1605 915 1680 consumpti
937 1604 1027 1681 longo
1051 1623 1177 1680 aqua-rs

123 1693 185 1751 lore
199 1693 311 1765 vultus,
325 1696 479 1753 concretae
493 1692 630 1752 noctibus
644 1692 806 1769 diebusque
820 1712 908 1768 super
922 1711 975 1751 ora
988 1692 1143 1754 lacrimae.

88 1778 106 1834 9
191 1782 385 1857 Miseremini,
413 1782 538 1856 iudicas,
565 1800 602 1841 ne
629 1781 735 1859 perdat
762 1783 972 1841 auctoritatem
999 1784 1144 1842 meritum

124 1871 204 1947 quod
226 1871 306 1930 ultra
329 1873 563 1947 expectationem
582 1873 635 1931 est.
671 1871 774 1948 ponite
797 1871 851 1930 sub
870 1871 971 1930 oculos
994 1871 1142 1949 alligatos

124 1978 250 2035 quorum
274 1960 400 2018 alterurn
423 1961 534 2019 amicus
557 1959 727 2035 redemerit,
754 1961 883 2019 alterum
905 1961 1010 2018 mater.
1056 1980 1143 2040 rogo,

123 2051 190 2106 uter
211 2050 279 2123 plus
302 2046 426 2107 fecerit?
466 2050 541 2108 bone
564 2048 710 2124 Iuppiter,
733 2067 823 2124 quam
846 2049 941 2123 avide,
964 2068 1057 2123 quam
1081 2050 1177 2110 sor-ae

123 2138 194 2195 titer
216 2137 316 2196 vincla
338 2140 440 2196 nostra
463 2139 620 2197 tractaritl
666 2138 773 2214 quibus
796 2139 848 2196 1116
871 2137 1007 2213 precibus
1032 2141 1143 2218 exegit,

124 2229 159 2283 ut
189 2225 247 2285 sibi
279 2225 457 2286 crederetur!
505 2222 637 2302 ‘accipe’,
671 2230 784 2302 inquit,
818 2223 882 2285 ‘has
914 2245 1034 2301 manns,
1067 2228 1142 2288 haec

124 2314 263 2390 membra,
287 2317 313 2374 si
335 2315 400 2373 fieri
422 2317 529 2391 potest,
552 2319 587 2375 ut
609 2317 737 2375 amicum
760 2317 851 2375 matri
872 2316 1071 2377 remittamus.
1111 2320 1142 2376 in

122 2407 220 2463 totum
243 2405 376 2480 explebo,
399 2407 425 2464 si
443 2405 570 2480 videtur,
593 2407 706 2465 vicaria
729 2425 825 2481 poena
847 2405 946 2465 locum
963 2404 1141 2466 recedentis.

123 2495 171 2553 vel
199 2496 224 2552 si
251 2494 296 2553 vis
324 2496 427 2569 utique
454 2495 511 2553 tibi
538 2495 661 2553 dimissa
688 2494 821 2554 membra
848 2495 978 2567 restitui,
1007 2496 1142 2570 spondeo
1155 2512 1176 2554 a

123 2602 326 2659 quemcunque
353 2583 473 2643 iusseris
502 2585 604 2659 aperto
632 2584 735 2661 iugulo
758 2579 857 2642 diem'
904 2582 991 2642 fidem
1015 2583 1143 2644 deornm

122 2673 346 2748 bominumque!
384 2672 456 2748 qnid
487 2692 547 2731 non
578 2673 691 2731 factum
722 2676 779 2747 est,
812 2675 847 2730 ut
878 2673 1007 2731 amicum
1039 2692 1143 2732 meum

123 2763 300 2836 paeniteret!
336 2764 485 2840 ingestum
509 2765 553 2822 est
571 2762 678 2821 misero
697 2762 774 2820 illud
793 2763 917 2821 carceris
934 2760 1142 2822 tenebrarum·

123 2870 180 2924 que
203 2855 356 2925 secretum,
379 2851 565 2928 gravioribus
588 2851 714 2909 vinculis
739 2869 811 2926 opus
831 2869 893 2910 esse
913 2850 1044 2909 carnifex
1063 2851 1143 2911 dixit

196 3108 345 3163 ladieciti
360 3117 397 3175 Μ,
417 3126 484 3164 corr.
499 3130 531 3163 m
603 3117 711 3164 cnunc
730 3119 827 3164 611111
897 3107 1086 3163 9diasimilea
1103 3119 1141 3176 Ι,

121 3194 191 3233 corr.
205 3201 237 3231 m
325 3181 462 3249 impatiae
480 3191 521 3248 11,
544 3198 611 3236 corr.
626 3203 657 3234 m
748 3185 782 3234 10
801 3180 988 3235 difficiliorem
1006 3196 1040 3234 ec
1058 3181 1142 3236 deffi-

93 3284 249 3339 'ciliorem
266 3296 294 3339 Β
366 3293 397 3341 11
418 3305 487 3356 quos
505 3297 533 3341 Β
596 3294 628 3342 11
648 3269 737 3356 dique
756 3297 784 3341 Β
847 3303 891 3340 me
909 3295 969 3354 Β7;
989 3297 1091 3341 61111

122 3355 194 3410 vidit
212 3369 233 3409 c
303 3363 335 3412 13
354 3375 417 3412 nec:
437 3375 494 3413 non
511 3368 539 3412 Β
600 3359 649 3413 1116
666 3360 746 3414 semel
764 3368 797 3413 Β
861 3363 893 3412 16
913 3358 1040 3412 contrata
1058 3368 1089 3412 Β

123 3426 222 3482 diebus
241 3428 460 3498 noctibusquea
524 3431 645 3501 18Ξ6111)
665 3439 698 3484 11
749 3429 837 3484 oculis
856 3438 922 3494 Meo*
982 3434 1015 3482 19
1038 3429 1141 3486 amicis

121 3499 266 3553 redimerit
283 3510 311 3553 Β
391 3507 422 3555 11
443 3501 580 3556 tractabit
596 3512 649 3555 BV
721 3502 810 3571 exigit
827 3510 880 3554 Βν
955 3499 1142 3556 1411161111

122 3587 156 3624 ex
173 3572 279 3626 vicaria
297 3582 329 3626 11
398 3571 460 3626 loco
479 3582 500 3625 V
576 3579 610 3626 17
630 3573 679 3642 qni
699 3582 730 3625 M
804 3578 837 3627 18
855 3572 1093 3641 tenebrommqne
1112 3583 1145 3628 Ι
