2430 3952
114 210 153 265 vl
516 212 730 267 PRAEFATIO.

115 401 234 458 sperare
257 383 405 458 possimus
428 383 460 439 in
484 381 654 439 universum
677 383 792 440 textum
813 383 972 459 traditum,
998 384 1133 460 quamvis

113 473 217 531 multis
245 472 318 531 locis
347 473 518 545 temporum
544 471 707 545 iniquitate
739 471 922 548 depravatus
949 474 1133 548 maculisque

113 561 288 636 inquinatus
312 559 365 635 111,
393 578 459 617 eam
482 559 610 618 formam
632 563 784 635 praestare
813 580 872 636 qua
902 562 1133 621 declamationes

113 652 222 726 quarto
246 649 364 709 saeculo
388 650 513 706 exeunte
537 648 828 708 circumferebantur.

181 738 225 797 De
245 737 394 799 codicibus
413 737 474 796 illis
492 737 710 815 investigandis
725 740 814 814 atque
834 758 937 798 eorum
954 739 1133 798 lectionibus

113 828 297 889 excutiendis
333 827 445 901 optime
482 828 655 884 meruerunt
691 845 759 885 eum
792 826 822 886 0.
851 828 1030 902 Hammer,
1066 831 1133 887 tum

111 916 150 976 H.
169 917 357 978 Dessauer.
404 935 439 974 ex
462 915 569 990 quibus
592 915 759 974 Hammer
782 936 858 992 quae
881 919 1045 993 invenerat,
1067 917 1132 976 bre-

111 1006 190 1066 viter
211 1008 351 1083 exposuit
372 1006 404 1062 in
427 1003 530 1063 libello
554 1023 632 1063 anno
658 1005 742 1064 1893
767 1005 906 1064 Monachi
929 1007 1022 1066 edito:
1055 1002 1132 1065 ‘Bei-

112 1097 197 1174 trtge
230 1116 266 1154 zu
298 1096 355 1154 den
387 1093 457 1151 XIX
489 1099 643 1170 grosseren
676 1094 939 1170 quintilianischen
973 1096 1131 1156 1111111111-

111 1180 234 1244 tionen.’
282 1183 477 1244 Dessaueri
500 1182 666 1240 studiorum
700 1183 806 1258 quibus
830 1203 946 1244 summa
974 1185 1133 1263 diligentia

111 1275 159 1333 vir
181 1274 233 1333 ille
257 1274 360 1334 doctus
389 1273 500 1330 multos
529 1291 583 1347 per
610 1291 703 1330 annos
711 1265 735 1353 1)
766 1273 917 1349 incubuit,
946 1275 1132 1334 1111111111-

111 1363 192 1423 stitit
214 1362 347 1422 libellus:
382 1356 451 1419 ‘Die
474 1360 738 1420 handschiiftliche
763 1360 934 1440 Grundlage
962 1362 1014 1421 der
1041 1383 1132 1422 neun-

112 1451 185 1510 zehn
204 1457 360 1530 1111111111
375 1448 775 1519 Pseudo-Quintilianischen
789 1447 1045 1511 Declamationen'
1061 1451 1132 1528 Lip-

112 1543 174 1600 siae
195 1543 290 1601 1898.
323 1543 376 1618 qui
397 1557 464 1598 cum
487 1539 519 1596 in
537 1541 707 1599 universum
733 1558 797 1599 rem
815 1540 854 1599 ad
872 1541 1048 1600 umbilicum
1065 1562 1131 1617 per·

111 1630 242 1706 duxerit,
272 1649 326 1708 ego
356 1647 410 1708 pro
441 1627 538 1704 operis
569 1629 670 1687 indole
698 1628 831 1688 breviter
859 1633 962 1706 repeto
992 1649 1027 1688 ea
1056 1650 1132 1707 quae

110 1719 223 1797 legenti
245 1720 411 1780 necessaria
433 1719 511 1776 sunt.

44 1858 49 1865 .
179 1806 321 1867 Omnium
343 1809 490 1867 librorum
512 1808 548 1865 nt
570 1806 796 1882 antiquissimus
819 1807 864 1866 ita
879 1810 1017 1883 'optimus
1041 1809 1131 1868 codex

110 1897 389 1975 Bambergensis
412 1895 444 1954 11
462 1895 505 1952 IV
526 1896 566 1954 13
587 1887 675 1976 (B)²)
700 1897 811 1954 saeculi
833 1897 861 1954 X
884 1898 1018 1958 exeuntis
1040 1918 1131 1956 mem-

109 1985 274 2045 branaceus
297 1987 411 2046 formae
434 1986 645 2060 quatemariae
667 1984 789 2044 maioris
814 1977 901 2067 (26,9
918 1997 961 2049 ><
977 1989 1050 2063 23‚4
1070 1980 1130 2069 cm)

109 2075 293 2152 compositus
322 2079 368 2136 est
395 2095 431 2134 ex
459 2075 500 2132 13
525 2074 730 2150 quinionibus,
759 2074 817 2132 nisi
847 2075 927 2151 quod
954 2095 1009 2151 pro
1037 2076 1131 2135 altero

110 2166 282 2240 quaternio,
310 2185 365 2241 pro
393 2163 484 2223 tertio
511 2165 608 2222 ternio
637 2166 743 2222 exstat.
784 2184 876 2223 unum
904 2166 1013 2241 folium
1039 2165 1130 2224 inter·

109 2255 242 2333 positum
272 2256 325 2313 est.
371 2254 512 2313 foliorum
539 2252 635 2330 igitur
662 2271 802 2313 numerus
831 2257 876 2312 est
905 2256 977 2313 125.
1019 2254 1131 2333 pagina

109 2361 306 2419 unaquaeque
342 2343 461 2402 exhibet
491 2340 577 2400 binas
608 2342 762 2400 columnas
791 2344 832 2401 23
864 2343 1038 2420 plerumque
1066 2364 1129 2402 ver-

110 2449 207 2491 suum.
260 2432 352 2491 codex
382 2453 400 2491 a
429 2429 524 2491 tribus
556 2430 688 2490 librariis
719 2433 857 2492 exaratus
888 2435 946 2507 est,
977 2451 992 2490 e
1023 2433 1130 2509 quibus

183 2657 208 2722 1)
228 2655 327 2710 Hieme
353 2672 490 2712 annorum
515 2653 637 2726 1892s93
657 2653 774 2709 Parisiis
792 2658 918 2710 versatus
940 2659 996 2724 est,
1022 2659 1130 2711 aestate

111 2732 180 2782 1893
199 2726 229 2780 in
247 2727 404 2782 Britannia.
442 2729 577 2781 autumno
603 2725 728 2780 eiusdem
755 2727 822 2780 anni
847 2727 878 2780 in
900 2727 1014 2782 ltaliam
1038 2731 1130 2784 trans-
1207 2784 1210 2793 ,

108 2800 758 2924 111119111111111111.
771 2798 1130 2926 titulabit

108 2940 231 3010 benigne
249 2941 417 3011 Herbipolin
435 2939 594 2996 transmissi
617 2942 690 2994 sunt.
728 2957 800 3009 quae
819 2941 976 3012 inceperat,
999 2942 1128 2997 fortunae

108 3012 260 3080 iniquitate
280 3014 316 3067 ad
335 3012 447 3068 felicem
467 3013 573 3068 exitum
596 3012 748 3080 perducere
771 3012 925 3082 impeditus
944 3016 994 3068 111.
1030 3015 1128 3069 morbo

108 3084 184 3138 enim
203 3085 292 3138 atroci
311 3101 476 3154 suppressus
494 3082 600 3138 litteris
618 3085 647 3137 et
662 3083 720 3136 suis
739 3083 891 3140 immatura
908 3088 998 3140 morte
1016 3089 1129 3155 ereptus

109 3157 152 3210 est
172 3154 217 3210 die
233 3161 255 3210 7.
275 3156 379 3210 mensis
398 3154 504 3224 Aprilis
524 3153 685 3222 11111900,
706 3155 872 3224 priusquam
892 3156 1129 3211 declamationum

108 3228 202 3280 textus
222 3227 313 3296 ipsam
331 3228 521 3281 recensionem
540 3226 640 3280 adiret.

181 3300 208 3366 2)
228 3298 262 3351 of.
277 3298 481 3365 Enderlein,
496 3300 584 3354 codex
597 3296 813 3367 Bambergensis
823 3299 886 3353 XIX
899 3300 1020 3355 maiores
1035 3301 1129 3355 decla-

109 3368 247 3426 mationes
271 3369 301 3422 in
320 3369 400 3424 libris
418 3387 483 3424 mss.
513 3367 687 3433 Quintiliano
711 3369 869 3440 adscriptas
895 3371 1041 3429 continens
1065 3390 1129 3427 cum

108 3441 188 3493 textu
205 3440 338 3495 editionis
355 3440 509 3495 Burmanni
524 3442 711 3509 comparatus.
746 3441 905 3496 Suevofurti
923 3448 1005 3509 18703
1028 3443 1128 3498 Ham·

107 3527 189 3577 mer,
203 3529 231 3580 p.
248 3518 293 3578 153
313 3512 494 3579 Dessauer,
510 3530 536 3580 p.
550 3518 595 3578 1⁰3
615 3510 815 3580 Leitschuh,
830 3514 954 3585 Katalog
969 3515 1018 3569 der
1031 3514 1130 3569 Hand-

95 3581 241 3636 aclrrr'ften
263 3584 315 3637 der
331 3583 445 3654 Konigl,
465 3581 629 3645 Bibliothek
648 3600 689 3636 zu
700 3585 841 3655 Bamberg
859 3587 960 3657 (1891),
978 3605 1006 3657 p.
1022 3592 1064 3642 46.
