<?xml version="1.0" encoding="UTF-8"?>
<!DOCTYPE html PUBLIC "-//W3C//DTD XHTML 1.0 Transitional//EN"
    "http://www.w3.org/TR/xhtml1/DTD/xhtml1-transitional.dtd">
<html xmlns="http://www.w3.org/1999/xhtml" xml:lang="en" lang="en">
 <head>
  <title>
</title>
<meta http-equiv="Content-Type" content="text/html;charset=utf-8" />
  <meta name='ocr-system' content='tesseract 3.04.00' />
  <meta name='ocr-capabilities' content='ocr_page ocr_carea ocr_par ocr_line ocrx_word'/>
</head>
<body>
  <div class='ocr_page' id='page_1' title='image "./qvintilianiqvae00quingoog_0309.png"; bbox 0 0 2430 3952; ppageno 0'>
   <div class='ocr_carea' id='block_1_1' title="bbox 378 185 1089 250">
    <p class='ocr_par' dir='ltr' id='par_1_1' title="bbox 378 185 1089 250">
     <span class='ocr_line' id='line_1_1' title="bbox 378 185 1089 250; baseline 0.015 -11"><span class='ocrx_word' id='word_1_1' title='bbox 378 185 612 240; x_wconf 81' lang='lat' dir='ltr'><strong>DECLAMA&#39;I&#39;IO</strong></span> <span class='ocrx_word' id='word_1_2' title='bbox 632 186 695 240; x_wconf 81' lang='lat' dir='ltr'><strong>xlv</strong></span> <span class='ocrx_word' id='word_1_3' title='bbox 714 192 791 238; x_wconf 84' lang='grc'>3-6.</span> <span class='ocrx_word' id='word_1_4' title='bbox 1024 185 1089 250; x_wconf 76' lang='grc'><strong>269</strong></span> 
     </span>
    </p>
   </div>
   <div class='ocr_carea' id='block_1_2' title="bbox 32 354 1131 2639">
    <p class='ocr_par' dir='ltr' id='par_1_2' title="bbox 32 354 1131 2639">
     <span class='ocr_line' id='line_1_2' title="bbox 77 354 1090 432; baseline -0.003 -17"><span class='ocrx_word' id='word_1_5' title='bbox 77 354 254 429; x_wconf 84' lang='lat' dir='ltr'><strong>mendaciis,</strong></span> <span class='ocrx_word' id='word_1_6' title='bbox 286 357 316 414; x_wconf 92' lang='lat' dir='ltr'><strong>et</strong></span> <span class='ocrx_word' id='word_1_7' title='bbox 347 373 415 413; x_wconf 92' lang='lat' dir='ltr'><strong>cum</strong></span> <span class='ocrx_word' id='word_1_8' title='bbox 446 355 541 413; x_wconf 88' lang='lat' dir='ltr'><strong>omnis</strong></span> <span class='ocrx_word' id='word_1_9' title='bbox 569 355 607 412; x_wconf 86' lang='lat' dir='ltr'><strong>ad</strong></span> <span class='ocrx_word' id='word_1_10' title='bbox 639 354 850 432; x_wconf 84' lang='lat' dir='ltr'><strong>expugnandas</strong></span> <span class='ocrx_word' id='word_1_11' title='bbox 879 357 991 413; x_wconf 88' lang='lat' dir='ltr'><strong>mentes</strong></span> <span class='ocrx_word' id='word_1_12' title='bbox 1019 374 1090 414; x_wconf 89' lang='lat' dir='ltr'><strong>cura</strong></span> 
     </span>
     <span class='ocr_line' id='line_1_3' title="bbox 81 443 1091 519; baseline -0.004 -15"><span class='ocrx_word' id='word_1_13' title='bbox 81 445 200 504; x_wconf 81' lang='lat' dir='ltr'><strong>conlata</strong></span> <span class='ocrx_word' id='word_1_14' title='bbox 222 446 270 518; x_wconf 89' lang='lat' dir='ltr'><strong>sit,</strong></span> <span class='ocrx_word' id='word_1_15' title='bbox 293 463 353 503; x_wconf 92' lang='lat' dir='ltr'><strong>non</strong></span> <span class='ocrx_word' id='word_1_16' title='bbox 376 443 487 502; x_wconf 87' lang='lat' dir='ltr'><strong>sufficit</strong></span> <span class='ocrx_word' id='word_1_17' title='bbox 508 446 617 516; x_wconf 84' lang='lat' dir='ltr'><strong>tamen,</strong></span> <span class='ocrx_word' id='word_1_18' title='bbox 641 445 675 501; x_wconf 92' lang='lat' dir='ltr'><strong>ut</strong></span> <span class='ocrx_word' id='word_1_19' title='bbox 698 444 733 501; x_wconf 88' lang='lat' dir='ltr'><strong>dc</strong></span> <span class='ocrx_word' id='word_1_20' title='bbox 756 445 803 502; x_wconf 90' lang='lat' dir='ltr'><strong>sui</strong></span> <span class='ocrx_word' id='word_1_21' title='bbox 825 445 950 502; x_wconf 88' lang='lat' dir='ltr'><strong>caritate</strong></span> <span class='ocrx_word' id='word_1_22' title='bbox 973 447 1091 519; x_wconf 81' lang='lat' dir='ltr'>corpori</span> 
     </span>
     <span class='ocr_line' id='line_1_4' title="bbox 81 532 1091 607; baseline -0.002 -15"><span class='ocrx_word' id='word_1_23' title='bbox 81 533 210 593; x_wconf 86' lang='lat' dir='ltr'><strong>credant.</strong></span> <span class='ocrx_word' id='word_1_24' title='bbox 246 535 278 592; x_wconf 91' lang='lat' dir='ltr'><strong>in</strong></span> <span class='ocrx_word' id='word_1_25' title='bbox 301 534 358 592; x_wconf 92' lang='lat' dir='ltr'><strong>hoc</strong></span> <span class='ocrx_word' id='word_1_26' title='bbox 376 534 509 591; x_wconf 89' lang='lat' dir='ltr'><strong>noctium</strong></span> <span class='ocrx_word' id='word_1_27' title='bbox 527 532 700 607; x_wconf 88' lang='lat' dir='ltr'><strong>dierumque</strong></span> <span class='ocrx_word' id='word_1_28' title='bbox 719 532 887 591; x_wconf 90' lang='lat' dir='ltr'><strong>sollicitudo</strong></span> <span class='ocrx_word' id='word_1_29' title='bbox 907 535 1091 592; x_wconf 87' lang='lat' dir='ltr'><strong>consumitur</strong></span> 
     </span>
     <span class='ocr_line' id='line_1_5' title="bbox 79 620 1090 698; baseline 0.002 -21"><span class='ocrx_word' id='word_1_30' title='bbox 79 622 329 698; x_wconf 13' lang='lat' dir='ltr'><strong>&#39;quemadmodum</strong></span> <span class='ocrx_word' id='word_1_31' title='bbox 357 622 392 680; x_wconf 92' lang='lat' dir='ltr'><strong>de</strong></span> <span class='ocrx_word' id='word_1_32' title='bbox 424 621 597 680; x_wconf 90' lang='lat' dir='ltr'><strong>libidinibus</strong></span> <span class='ocrx_word' id='word_1_33' title='bbox 624 620 678 679; x_wconf 90' lang='lat' dir='ltr'><strong>fiat</strong></span> <span class='ocrx_word' id='word_1_34' title='bbox 705 621 851 694; x_wconf 80' lang='lat' dir='ltr'><strong>adfectae,</strong></span> <span class='ocrx_word' id='word_1_35' title='bbox 884 641 943 696; x_wconf 87' lang='lat' dir='ltr'><strong>qua</strong></span> <span class='ocrx_word' id='word_1_36' title='bbox 974 623 1090 680; x_wconf 90' lang='lat' dir='ltr'><strong>ratione</strong></span> 
     </span>
     <span class='ocr_line' id='line_1_6' title="bbox 52 710 1091 785; baseline -0.003 -14"><span class='ocrx_word' id='word_1_37' title='bbox 52 712 315 777; x_wconf 73' lang='lat' dir='ltr'><strong>etranscurrentia</strong></span> <span class='ocrx_word' id='word_1_38' title='bbox 342 711 450 769; x_wconf 78' lang='lat' dir='ltr'><strong>cotidie</strong></span> <span class='ocrx_word' id='word_1_39' title='bbox 483 710 628 770; x_wconf 90' lang='lat' dir='ltr'><strong>desideria</strong></span> <span class='ocrx_word' id='word_1_40' title='bbox 654 712 824 784; x_wconf 82' lang='lat' dir='ltr'><strong>teneantur3</strong></span> <span class='ocrx_word' id='word_1_41' title='bbox 856 729 893 768; x_wconf 89' lang='lat' dir='ltr'><strong>ne</strong></span> <span class='ocrx_word' id='word_1_42' title='bbox 921 712 970 768; x_wconf 90' lang='lat' dir='ltr'><strong>cui</strong></span> <span class='ocrx_word' id='word_1_43' title='bbox 995 713 1091 785; x_wconf 85' lang='lat' dir='ltr'>prosit</span> 
     </span>
     <span class='ocr_line' id='line_1_7' title="bbox 80 799 1091 875; baseline -0.003 -15"><span class='ocrx_word' id='word_1_44' title='bbox 80 801 205 875; x_wconf 86' lang='lat' dir='ltr'><strong>offensa,</strong></span> <span class='ocrx_word' id='word_1_45' title='bbox 237 819 274 859; x_wconf 90' lang='lat' dir='ltr'><strong>ne</strong></span> <span class='ocrx_word' id='word_1_46' title='bbox 303 818 389 875; x_wconf 89' lang='lat' dir='ltr'><strong>quem</strong></span> <span class='ocrx_word' id='word_1_47' title='bbox 417 799 544 875; x_wconf 77' lang='lat' dir='ltr'>explicet</span> <span class='ocrx_word' id='word_1_48' title='bbox 572 799 678 875; x_wconf 84' lang='lat' dir='ltr'><strong>pudor,</strong></span> <span class='ocrx_word' id='word_1_49' title='bbox 705 819 741 858; x_wconf 92' lang='lat' dir='ltr'><strong>ne</strong></span> <span class='ocrx_word' id='word_1_50' title='bbox 770 818 857 874; x_wconf 91' lang='lat' dir='ltr'><strong>quem</strong></span> <span class='ocrx_word' id='word_1_51' title='bbox 884 801 1006 858; x_wconf 76' lang='lat' dir='ltr'><strong>satietas</strong></span> <span class='ocrx_word' id='word_1_52' title='bbox 1037 801 1091 858; x_wconf 93' lang='lat' dir='ltr'><strong>ali·</strong></span> 
     </span>
     <span class='ocr_line' id='line_1_8' title="bbox 81 889 1090 966; baseline -0.002 -17"><span class='ocrx_word' id='word_1_53' title='bbox 81 889 199 966; x_wconf 90' lang='lat' dir='ltr'><strong>quando</strong></span> <span class='ocrx_word' id='word_1_54' title='bbox 227 889 369 948; x_wconf 89' lang='lat' dir='ltr'><strong>dimittat.</strong></span> <span class='ocrx_word' id='word_1_55' title='bbox 416 909 452 947; x_wconf 92' lang='lat' dir='ltr'><strong>en</strong></span> <span class='ocrx_word' id='word_1_56' title='bbox 476 907 566 962; x_wconf 90' lang='lat' dir='ltr'><strong>quam</strong></span> <span class='ocrx_word' id='word_1_57' title='bbox 592 890 704 963; x_wconf 86' lang='lat' dir='ltr'><strong>putetis</strong></span> <span class='ocrx_word' id='word_1_58' title='bbox 731 890 870 966; x_wconf 85' lang='lat' dir='ltr'><strong>ignorare</strong></span> <span class='ocrx_word' id='word_1_59' title='bbox 897 889 1003 964; x_wconf 90' lang='lat' dir='ltr'><strong>quibus</strong></span> <span class='ocrx_word' id='word_1_60' title='bbox 1026 891 1090 947; x_wconf 82' lang='lat' dir='ltr'><strong>vin·</strong></span> 
     </span>
     <span class='ocr_line' id='line_1_9' title="bbox 81 977 1091 1055; baseline -0.002 -17"><span class='ocrx_word' id='word_1_61' title='bbox 81 981 167 1038; x_wconf 85' lang='lat' dir='ltr'><strong>catur</strong></span> <span class='ocrx_word' id='word_1_62' title='bbox 202 979 308 1052; x_wconf 88' lang='lat' dir='ltr'><strong>oculis,</strong></span> <span class='ocrx_word' id='word_1_63' title='bbox 346 997 421 1052; x_wconf 89' lang='lat' dir='ltr'><strong>quae</strong></span> <span class='ocrx_word' id='word_1_64' title='bbox 452 997 505 1053; x_wconf 94' lang='lat' dir='ltr'><strong>per</strong></span> <span class='ocrx_word' id='word_1_65' title='bbox 536 977 723 1036; x_wconf 90' lang='lat' dir='ltr'><strong>incommoda</strong></span> <span class='ocrx_word' id='word_1_66' title='bbox 755 977 900 1036; x_wconf 87' lang='lat' dir='ltr'><strong>desideria</strong></span> <span class='ocrx_word' id='word_1_67' title='bbox 931 977 1091 1055; x_wconf 83' lang='lat' dir='ltr'><strong>flagrantes</strong></span> 
     </span>
     <span class='ocr_line' id='line_1_10' title="bbox 80 1066 1092 1142; baseline -0.004 -15"><span class='ocrx_word' id='word_1_68' title='bbox 80 1070 194 1127; x_wconf 84' lang='lat' dir='ltr'><strong>mentes</strong></span> <span class='ocrx_word' id='word_1_69' title='bbox 221 1069 392 1142; x_wconf 81' lang='lat' dir='ltr'><strong>corrumpat</strong></span> <span class='ocrx_word' id='word_1_70' title='bbox 419 1068 561 1142; x_wconf 85' lang='lat' dir='ltr'><strong>primum,</strong></span> <span class='ocrx_word' id='word_1_71' title='bbox 594 1066 698 1124; x_wconf 90' lang='lat' dir='ltr'><strong>deinde</strong></span> <span class='ocrx_word' id='word_1_72' title='bbox 726 1069 893 1139; x_wconf 82' lang='lat' dir='ltr'><strong>consumat,</strong></span> <span class='ocrx_word' id='word_1_73' title='bbox 923 1086 990 1125; x_wconf 88' lang='lat' dir='ltr'><strong>cum</strong></span> <span class='ocrx_word' id='word_1_74' title='bbox 1018 1068 1092 1126; x_wconf 89' lang='lat' dir='ltr'><strong>sciat</strong></span> 
     </span>
     <span class='ocr_line' id='line_1_11' title="bbox 39 1156 1092 1234; baseline -0.002 -19"><span class='ocrx_word' id='word_1_75' title='bbox 39 1182 67 1223; x_wconf 70' lang='grc' dir='ltr'><strong>ιο</strong></span> <span class='ocrx_word' id='word_1_76' title='bbox 81 1157 189 1234; x_wconf 87' lang='lat' dir='ltr'><strong>quibus</strong></span> <span class='ocrx_word' id='word_1_77' title='bbox 212 1156 321 1229; x_wconf 86' lang='lat' dir='ltr'><strong>oscula,</strong></span> <span class='ocrx_word' id='word_1_78' title='bbox 345 1156 451 1230; x_wconf 90' lang='lat' dir='ltr'><strong>quibus</strong></span> <span class='ocrx_word' id='word_1_79' title='bbox 476 1156 619 1214; x_wconf 84' lang='lat' dir='ltr'><strong>artissimi</strong></span> <span class='ocrx_word' id='word_1_80' title='bbox 636 1157 814 1231; x_wconf 89' lang='lat' dir='ltr'><strong>rumpantur</strong></span> <span class='ocrx_word' id='word_1_81' title='bbox 832 1156 992 1230; x_wconf 84' lang='lat' dir='ltr'><strong>amplexus,</strong></span> <span class='ocrx_word' id='word_1_82' title='bbox 1016 1174 1092 1230; x_wconf 88' lang='lat' dir='ltr'><strong>quae</strong></span> 
     </span>
     <span class='ocr_line' id='line_1_12' title="bbox 80 1243 1092 1322; baseline -0.003 -17"><span class='ocrx_word' id='word_1_83' title='bbox 80 1265 135 1322; x_wconf 91' lang='lat' dir='ltr'><strong>pro</strong></span> <span class='ocrx_word' id='word_1_84' title='bbox 162 1246 281 1305; x_wconf 89' lang='lat' dir='ltr'><strong>laetitia</strong></span> <span class='ocrx_word' id='word_1_85' title='bbox 303 1245 449 1318; x_wconf 86' lang='lat' dir='ltr'><strong>dolorem,</strong></span> <span class='ocrx_word' id='word_1_86' title='bbox 475 1264 530 1320; x_wconf 95' lang='lat' dir='ltr'><strong>pro</strong></span> <span class='ocrx_word' id='word_1_87' title='bbox 557 1243 712 1303; x_wconf 88' lang='lat' dir='ltr'><strong>blanditiis</strong></span> <span class='ocrx_word' id='word_1_88' title='bbox 738 1244 913 1321; x_wconf 80' lang='lat' dir='ltr'><strong>gaudiisque</strong></span> <span class='ocrx_word' id='word_1_89' title='bbox 936 1245 1092 1303; x_wconf 89' lang='lat' dir='ltr'><strong>tristitiam</strong></span> 
     </span>
     <span class='ocr_line' id='line_1_13' title="bbox 80 1332 1092 1411; baseline -0.002 -19"><span class='ocrx_word' id='word_1_90' title='bbox 80 1335 239 1411; x_wconf 80' lang='lat' dir='ltr'><strong>praecipiti</strong></span> <span class='ocrx_word' id='word_1_91' title='bbox 266 1334 424 1392; x_wconf 88' lang='lat' dir='ltr'><strong>velocitate</strong></span> <span class='ocrx_word' id='word_1_92' title='bbox 456 1334 647 1392; x_wconf 87' lang='lat' dir='ltr'><strong>substituunt.</strong></span> <span class='ocrx_word' id='word_1_93' title='bbox 693 1332 843 1391; x_wconf 87' lang='lat' dir='ltr'><strong>infinitum</strong></span> <span class='ocrx_word' id='word_1_94' title='bbox 876 1336 920 1392; x_wconf 89' lang='lat' dir='ltr'><strong>est</strong></span> <span class='ocrx_word' id='word_1_95' title='bbox 947 1336 1092 1409; x_wconf 90' lang='lat' dir='ltr'><strong>quantum</strong></span> 
     </span>
     <span class='ocr_line' id='line_1_14' title="bbox 81 1421 1092 1498; baseline -0.001 -16"><span class='ocrx_word' id='word_1_96' title='bbox 81 1443 117 1482; x_wconf 84' lang='lat' dir='ltr'><strong>ex</strong></span> <span class='ocrx_word' id='word_1_97' title='bbox 143 1423 199 1482; x_wconf 91' lang='lat' dir='ltr'><strong>hoc</strong></span> <span class='ocrx_word' id='word_1_98' title='bbox 228 1423 443 1481; x_wconf 89' lang='lat' dir='ltr'><strong>medicamento</strong></span> <span class='ocrx_word' id='word_1_99' title='bbox 472 1421 650 1498; x_wconf 89' lang='lat' dir='ltr'><strong>deprehendi</strong></span> <span class='ocrx_word' id='word_1_100' title='bbox 681 1423 776 1496; x_wconf 88' lang='lat' dir='ltr'><strong>possit</strong></span> <span class='ocrx_word' id='word_1_101' title='bbox 807 1423 917 1481; x_wconf 87' lang='lat' dir='ltr'><strong>notitia</strong></span> <span class='ocrx_word' id='word_1_102' title='bbox 949 1424 1092 1498; x_wconf 83' lang='lat' dir='ltr'><strong>peiorum,</strong></span> 
     </span>
     <span class='ocr_line' id='line_1_15' title="bbox 81 1510 581 1571; baseline -0.008 0"><span class='ocrx_word' id='word_1_103' title='bbox 81 1531 168 1571; x_wconf 93' lang='lat' dir='ltr'><strong>nemo</strong></span> <span class='ocrx_word' id='word_1_104' title='bbox 192 1513 248 1571; x_wconf 89' lang='lat' dir='ltr'><strong>scit</strong></span> <span class='ocrx_word' id='word_1_105' title='bbox 270 1514 389 1570; x_wconf 88' lang='lat' dir='ltr'><strong>tantum</strong></span> <span class='ocrx_word' id='word_1_106' title='bbox 410 1510 581 1569; x_wconf 91' lang='lat' dir='ltr'><strong>remedium.</strong></span> 
     </span>
     <span class='ocr_line' id='line_1_16' title="bbox 39 1599 1093 1676; baseline -0.001 -17"><span class='ocrx_word' id='word_1_107' title='bbox 39 1626 67 1668; x_wconf 60' lang='grc' dir='ltr'><strong>ιε</strong></span> <span class='ocrx_word' id='word_1_108' title='bbox 149 1601 333 1676; x_wconf 77' lang='lat' dir='ltr'><strong>Temptavit,</strong></span> <span class='ocrx_word' id='word_1_109' title='bbox 360 1601 484 1674; x_wconf 87' lang='lat' dir='ltr'><strong>iudices,</strong></span> <span class='ocrx_word' id='word_1_110' title='bbox 508 1601 615 1658; x_wconf 88' lang='lat' dir='ltr'><strong>mulier</strong></span> <span class='ocrx_word' id='word_1_111' title='bbox 637 1599 885 1675; x_wconf 80' lang='lat' dir='ltr'><strong>inpudentissima</strong></span> <span class='ocrx_word' id='word_1_112' title='bbox 908 1600 1025 1659; x_wconf 88' lang='lat' dir='ltr'><strong>sceleris</strong></span> <span class='ocrx_word' id='word_1_113' title='bbox 1048 1602 1093 1658; x_wconf 91' lang='lat' dir='ltr'><strong>in-</strong></span> 
     </span>
     <span class='ocr_line' id='line_1_17' title="bbox 82 1690 1093 1766; baseline -0.004 -16"><span class='ocrx_word' id='word_1_114' title='bbox 82 1691 195 1750; x_wconf 87' lang='lat' dir='ltr'><strong>vidiam</strong></span> <span class='ocrx_word' id='word_1_115' title='bbox 227 1691 346 1748; x_wconf 87' lang='lat' dir='ltr'><strong>nomine</strong></span> <span class='ocrx_word' id='word_1_116' title='bbox 373 1691 504 1765; x_wconf 89' lang='lat' dir='ltr'><strong>potionis</strong></span> <span class='ocrx_word' id='word_1_117' title='bbox 532 1690 659 1766; x_wconf 83' lang='lat' dir='ltr'><strong>effugere</strong></span> <span class='ocrx_word' id='word_1_118' title='bbox 687 1691 717 1746; x_wconf 93' lang='lat' dir='ltr'><strong>et</strong></span> <span class='ocrx_word' id='word_1_119' title='bbox 744 1708 890 1747; x_wconf 83' lang='lat' dir='ltr'><strong>venenum</strong></span> <span class='ocrx_word' id='word_1_120' title='bbox 917 1692 1007 1766; x_wconf 84' lang='lat' dir='ltr'><strong>negat</strong></span> <span class='ocrx_word' id='word_1_121' title='bbox 1032 1708 1093 1748; x_wconf 87' lang='lat' dir='ltr'><strong>esse</strong></span> 
     </span>
     <span class='ocr_line' id='line_1_18' title="bbox 81 1777 1094 1854; baseline -0.004 -16"><span class='ocrx_word' id='word_1_122' title='bbox 81 1782 213 1853; x_wconf 87' lang='lat' dir='ltr'><strong>tantum,</strong></span> <span class='ocrx_word' id='word_1_123' title='bbox 241 1780 300 1837; x_wconf 90' lang='lat' dir='ltr'><strong>nisi</strong></span> <span class='ocrx_word' id='word_1_124' title='bbox 323 1779 403 1854; x_wconf 91' lang='lat' dir='ltr'><strong>quod</strong></span> <span class='ocrx_word' id='word_1_125' title='bbox 429 1778 544 1837; x_wconf 85' lang='lat' dir='ltr'><strong>occidit.</strong></span> <span class='ocrx_word' id='word_1_126' title='bbox 590 1779 705 1836; x_wconf 90' lang='lat' dir='ltr'><strong>facinus</strong></span> <span class='ocrx_word' id='word_1_127' title='bbox 733 1780 791 1847; x_wconf 81' lang='lat' dir='ltr'><strong>est,</strong></span> <span class='ocrx_word' id='word_1_128' title='bbox 817 1778 943 1851; x_wconf 85' lang='lat' dir='ltr'><strong>iudices,</strong></span> <span class='ocrx_word' id='word_1_129' title='bbox 970 1777 1094 1838; x_wconf 87' lang='lat' dir='ltr'><strong>evadere</strong></span> 
     </span>
     <span class='ocr_line' id='line_1_19' title="bbox 82 1867 1093 1944; baseline -0.003 -17"><span class='ocrx_word' id='word_1_130' title='bbox 82 1870 234 1942; x_wconf 85' lang='lat' dir='ltr'><strong>nocentes,</strong></span> <span class='ocrx_word' id='word_1_131' title='bbox 266 1869 338 1944; x_wconf 90' lang='lat' dir='ltr'><strong>quia</strong></span> <span class='ocrx_word' id='word_1_132' title='bbox 368 1869 430 1926; x_wconf 89' lang='lat' dir='ltr'><strong>iam</strong></span> <span class='ocrx_word' id='word_1_133' title='bbox 459 1868 574 1925; x_wconf 83' lang='lat' dir='ltr'><strong>facinus</strong></span> <span class='ocrx_word' id='word_1_134' title='bbox 601 1867 689 1941; x_wconf 89' lang='lat' dir='ltr'><strong>plura</strong></span> <span class='ocrx_word' id='word_1_135' title='bbox 722 1867 843 1925; x_wconf 85' lang='lat' dir='ltr'><strong>devitat.</strong></span> <span class='ocrx_word' id='word_1_136' title='bbox 891 1868 962 1943; x_wconf 90' lang='lat' dir='ltr'><strong>quid</strong></span> <span class='ocrx_word' id='word_1_137' title='bbox 994 1867 1093 1939; x_wconf 82' lang='lat' dir='ltr'><strong>refert,</strong></span> 
     </span>
     <span class='ocr_line' id='line_1_20' title="bbox 83 1953 1093 2038; baseline -0.002 -22"><span class='ocrx_word' id='word_1_138' title='bbox 83 1960 182 2038; x_wconf 87' lang='lat' dir='ltr'><strong>animo</strong></span> <span class='ocrx_word' id='word_1_139' title='bbox 210 1959 316 2015; x_wconf 90' lang='lat' dir='ltr'><strong>noceat</strong></span> <span class='ocrx_word' id='word_1_140' title='bbox 339 1957 448 2032; x_wconf 89' lang='lat' dir='ltr'><strong>aliquis</strong></span> <span class='ocrx_word' id='word_1_141' title='bbox 476 1975 514 2014; x_wconf 90' lang='lat' dir='ltr'><strong>an</strong></span> <span class='ocrx_word' id='word_1_142' title='bbox 537 1953 697 2014; x_wconf 81' lang='lat' dir='ltr'><strong>membris?</strong></span> <span class='ocrx_word' id='word_1_143' title='bbox 743 1956 844 2014; x_wconf 90' lang='lat' dir='ltr'><strong>codem</strong></span> <span class='ocrx_word' id='word_1_144' title='bbox 868 1957 976 2015; x_wconf 88' lang='lat' dir='ltr'><strong>scelere</strong></span> <span class='ocrx_word' id='word_1_145' title='bbox 999 1959 1093 2031; x_wconf 90' lang='lat' dir='ltr'><strong>porri-</strong></span> 
     </span>
     <span class='ocr_line' id='line_1_21' title="bbox 40 2045 1095 2125; baseline -0.001 -21"><span class='ocrx_word' id='word_1_146' title='bbox 40 2070 70 2112; x_wconf 59' lang='grc' dir='ltr'><strong>,ο</strong></span> <span class='ocrx_word' id='word_1_147' title='bbox 84 2048 166 2125; x_wconf 82' lang='lat' dir='ltr'><strong>gitur</strong></span> <span class='ocrx_word' id='word_1_148' title='bbox 193 2064 279 2105; x_wconf 92' lang='lat' dir='ltr'><strong>omne</strong></span> <span class='ocrx_word' id='word_1_149' title='bbox 303 2046 382 2120; x_wconf 94' lang='lat' dir='ltr'><strong>quod</strong></span> <span class='ocrx_word' id='word_1_150' title='bbox 409 2065 469 2103; x_wconf 88' lang='lat' dir='ltr'><strong>non</strong></span> <span class='ocrx_word' id='word_1_151' title='bbox 496 2046 574 2103; x_wconf 92' lang='lat' dir='ltr'><strong>licet.</strong></span> <span class='ocrx_word' id='word_1_152' title='bbox 620 2045 850 2119; x_wconf 91' lang='lat' dir='ltr'><strong>unumquodque</strong></span> <span class='ocrx_word' id='word_1_153' title='bbox 879 2065 913 2103; x_wconf 83' lang='lat' dir='ltr'><strong>ex</strong></span> <span class='ocrx_word' id='word_1_154' title='bbox 940 2045 986 2103; x_wconf 91' lang='lat' dir='ltr'><strong>his</strong></span> <span class='ocrx_word' id='word_1_155' title='bbox 1016 2046 1095 2119; x_wconf 92' lang='lat' dir='ltr'><strong>quod</strong></span> 
     </span>
     <span class='ocr_line' id='line_1_22' title="bbox 84 2136 426 2208; baseline -0.006 -14"><span class='ocrx_word' id='word_1_156' title='bbox 84 2137 181 2208; x_wconf 88' lang='lat' dir='ltr'><strong>datur,</strong></span> <span class='ocrx_word' id='word_1_157' title='bbox 204 2154 351 2193; x_wconf 85' lang='lat' dir='ltr'><strong>venenum</strong></span> <span class='ocrx_word' id='word_1_158' title='bbox 374 2136 426 2193; x_wconf 92' lang='lat' dir='ltr'><strong>est.</strong></span> 
     </span>
     <span class='ocr_line' id='line_1_23' title="bbox 148 2223 1131 2299; baseline -0.005 -17"><span class='ocrx_word' id='word_1_159' title='bbox 148 2224 309 2283; x_wconf 80' lang='lat' dir='ltr'><strong>Excusatio</strong></span> <span class='ocrx_word' id='word_1_160' title='bbox 323 2224 489 2282; x_wconf 78' lang='lat' dir='ltr'><strong>mehercule</strong></span> <span class='ocrx_word' id='word_1_161' title='bbox 503 2223 599 2281; x_wconf 88' lang='lat' dir='ltr'><strong>adhuc</strong></span> <span class='ocrx_word' id='word_1_162' title='bbox 617 2242 671 2298; x_wconf 94' lang='lat' dir='ltr'><strong>pro</strong></span> <span class='ocrx_word' id='word_1_163' title='bbox 686 2242 755 2282; x_wconf 83' lang='lat' dir='ltr'><strong>seru</strong></span> <span class='ocrx_word' id='word_1_164' title='bbox 774 2226 835 2297; x_wconf 86' lang='lat' dir='ltr'><strong>tuo,</strong></span> <span class='ocrx_word' id='word_1_165' title='bbox 853 2243 907 2299; x_wconf 91' lang='lat' dir='ltr'><strong>pro</strong></span> <span class='ocrx_word' id='word_1_166' title='bbox 923 2224 1093 2282; x_wconf 88' lang='lat' dir='ltr'><strong>condicione</strong></span> <span class='ocrx_word' id='word_1_167' title='bbox 1113 2228 1131 2277; x_wconf 77' lang='lat' dir='ltr'><strong>t</strong></span> 
     </span>
     <span class='ocr_line' id='line_1_24' title="bbox 32 2305 1095 2389; baseline -0.002 -17"><span class='ocrx_word' id='word_1_168' title='bbox 32 2347 36 2354; x_wconf 78' lang='lat'><em>,</em></span> <span class='ocrx_word' id='word_1_169' title='bbox 84 2305 225 2387; x_wconf 83' lang='lat' dir='ltr'><strong>mulieris,</strong></span> <span class='ocrx_word' id='word_1_170' title='bbox 248 2313 300 2371; x_wconf 91' lang='lat' dir='ltr'><strong>sed</strong></span> <span class='ocrx_word' id='word_1_171' title='bbox 318 2315 352 2370; x_wconf 89' lang='lat' dir='ltr'><strong>ut</strong></span> <span class='ocrx_word' id='word_1_172' title='bbox 370 2313 424 2370; x_wconf 89' lang='lat' dir='ltr'><strong>illa</strong></span> <span class='ocrx_word' id='word_1_173' title='bbox 442 2331 541 2371; x_wconf 91' lang='lat' dir='ltr'><strong>nosses</strong></span> <span class='ocrx_word' id='word_1_174' title='bbox 561 2313 660 2389; x_wconf 87' lang='lat' dir='ltr'><strong>gratia</strong></span> <span class='ocrx_word' id='word_1_175' title='bbox 677 2313 724 2370; x_wconf 90' lang='lat' dir='ltr'><strong>tui</strong></span> <span class='ocrx_word' id='word_1_176' title='bbox 742 2312 977 2387; x_wconf 92' lang='lat' dir='ltr'><strong>desideriumque</strong></span> <span class='ocrx_word' id='word_1_177' title='bbox 995 2331 1095 2388; x_wconf 91' lang='lat' dir='ltr'><strong>posses</strong></span> 
     </span>
     <span class='ocr_line' id='line_1_25' title="bbox 83 2401 1095 2479; baseline -0.003 -19"><span class='ocrx_word' id='word_1_178' title='bbox 83 2405 217 2479; x_wconf 85' lang='lat' dir='ltr'><strong>ingerere</strong></span> <span class='ocrx_word' id='word_1_179' title='bbox 240 2401 417 2460; x_wconf 86' lang='lat' dir='ltr'><strong>nolentibus.</strong></span> <span class='ocrx_word' id='word_1_180' title='bbox 455 2402 638 2478; x_wconf 76' lang='lat' dir='ltr'><strong>excogitasti,</strong></span> <span class='ocrx_word' id='word_1_181' title='bbox 661 2421 715 2476; x_wconf 89' lang='lat' dir='ltr'><strong>per</strong></span> <span class='ocrx_word' id='word_1_182' title='bbox 737 2401 817 2476; x_wconf 92' lang='lat' dir='ltr'><strong>quod</strong></span> <span class='ocrx_word' id='word_1_183' title='bbox 839 2404 963 2460; x_wconf 89' lang='lat' dir='ltr'><strong>maritos</strong></span> <span class='ocrx_word' id='word_1_184' title='bbox 986 2421 1004 2459; x_wconf 92' lang='lat' dir='ltr'><strong>a</strong></span> <span class='ocrx_word' id='word_1_185' title='bbox 1028 2420 1095 2459; x_wconf 88' lang='lat' dir='ltr'><strong>con·</strong></span> 
     </span>
     <span class='ocr_line' id='line_1_26' title="bbox 41 2490 1095 2568; baseline -0.007 -15"><span class='ocrx_word' id='word_1_186' title='bbox 41 2514 70 2556; x_wconf 80' lang='lat' dir='ltr'><strong>ae</strong></span> <span class='ocrx_word' id='word_1_187' title='bbox 83 2493 188 2568; x_wconf 83' lang='lat' dir='ltr'><strong>iugum</strong></span> <span class='ocrx_word' id='word_1_188' title='bbox 206 2492 331 2549; x_wconf 89' lang='lat' dir='ltr'><strong>caritate</strong></span> <span class='ocrx_word' id='word_1_189' title='bbox 350 2490 480 2564; x_wconf 86' lang='lat' dir='ltr'><strong>diducas,</strong></span> <span class='ocrx_word' id='word_1_190' title='bbox 493 2510 547 2565; x_wconf 89' lang='lat' dir='ltr'><strong>per</strong></span> <span class='ocrx_word' id='word_1_191' title='bbox 566 2490 644 2564; x_wconf 89' lang='lat' dir='ltr'><strong>quod</strong></span> <span class='ocrx_word' id='word_1_192' title='bbox 662 2492 803 2548; x_wconf 91' lang='lat' dir='ltr'><strong>iuvenum</strong></span> <span class='ocrx_word' id='word_1_193' title='bbox 821 2493 934 2549; x_wconf 90' lang='lat' dir='ltr'><strong>mentes</strong></span> <span class='ocrx_word' id='word_1_194' title='bbox 951 2490 1095 2566; x_wconf 79' lang='lat' dir='ltr'><strong>abiungas</strong></span> 
     </span>
     <span class='ocr_line' id='line_1_27' title="bbox 85 2578 1096 2639; baseline -0.006 0"><span class='ocrx_word' id='word_1_195' title='bbox 85 2579 122 2639; x_wconf 90' lang='lat' dir='ltr'><strong>ab</strong></span> <span class='ocrx_word' id='word_1_196' title='bbox 150 2581 218 2639; x_wconf 92' lang='lat' dir='ltr'><strong>aliis</strong></span> <span class='ocrx_word' id='word_1_197' title='bbox 245 2580 371 2638; x_wconf 79' lang='lat' dir='ltr'><strong>fortasse</strong></span> <span class='ocrx_word' id='word_1_198' title='bbox 398 2579 609 2638; x_wconf 88' lang='lat' dir='ltr'><strong>meretricibus.</strong></span> <span class='ocrx_word' id='word_1_199' title='bbox 656 2578 718 2637; x_wconf 93' lang='lat' dir='ltr'><strong>odii</strong></span> <span class='ocrx_word' id='word_1_200' title='bbox 744 2579 992 2637; x_wconf 86' lang='lat' dir='ltr'><strong>medicamentum</strong></span> <span class='ocrx_word' id='word_1_201' title='bbox 1022 2598 1096 2634; x_wconf 92' lang='lat' dir='ltr'><strong>nun-</strong></span> 
     </span>
    </p>
   </div>
   <div class='ocr_carea' id='block_1_3' title="bbox 85 2711 1098 2890">
    <p class='ocr_par' dir='ltr' id='par_1_3' title="bbox 85 2711 1098 2890">
     <span class='ocr_line' id='line_1_28' title="bbox 158 2711 1027 2814; baseline -0.003 -12"><span class='ocrx_word' id='word_1_202' title='bbox 158 2749 337 2803; x_wconf 86' lang='lat' dir='ltr'><strong>lmendicus</strong></span> <span class='ocrx_word' id='word_1_203' title='bbox 355 2758 390 2814; x_wconf 81' lang='grc' dir='ltr'><strong>Β,</strong></span> <span class='ocrx_word' id='word_1_204' title='bbox 409 2759 509 2802; x_wconf 69' lang='lat' dir='ltr'><strong>corae</strong></span> <span class='ocrx_word' id='word_1_205' title='bbox 582 2755 672 2802; x_wconf 62' lang='lat' dir='ltr'><strong>anon</strong></span> <span class='ocrx_word' id='word_1_206' title='bbox 692 2760 719 2814; x_wconf 65' lang='lat'><strong>53</strong></span> <span class='ocrx_word' id='word_1_207' title='bbox 739 2764 789 2801; x_wconf 86' lang='lat' dir='ltr'><strong>om.</strong></span> <span class='ocrx_word' id='word_1_208' title='bbox 805 2771 827 2799; x_wconf 83' lang='grc' dir='ltr'>ω</span> <span class='ocrx_word' id='word_1_209' title='bbox 895 2711 987 2800; x_wconf 60' lang='lat' dir='ltr'><strong>sdficit</strong></span> <span class='ocrx_word' id='word_1_210' title='bbox 1000 2755 1027 2798; x_wconf 99' lang='grc' dir='ltr'><em>Β</em></span> 
     </span>
     <span class='ocr_line' id='line_1_29' title="bbox 85 2818 1098 2890; baseline -0.002 -16"><span class='ocrx_word' id='word_1_211' title='bbox 85 2819 195 2890; x_wconf 86' lang='lat' dir='ltr'><strong>corpori</strong></span> <span class='ocrx_word' id='word_1_212' title='bbox 213 2837 247 2874; x_wconf 81' lang='lat' dir='ltr'><strong>ec</strong></span> <span class='ocrx_word' id='word_1_213' title='bbox 264 2835 307 2872; x_wconf 88' lang='lat' dir='ltr'><strong>-re</strong></span> <span class='ocrx_word' id='word_1_214' title='bbox 325 2829 363 2885; x_wconf 73' lang='lat'><strong>153</strong></span> <span class='ocrx_word' id='word_1_215' title='bbox 383 2820 506 2887; x_wconf 85' lang='lat' dir='ltr'><strong>corporis</strong></span> <span class='ocrx_word' id='word_1_216' title='bbox 525 2829 545 2871; x_wconf 75' lang='lat' dir='ltr'><strong><em>V</em></strong></span> <span class='ocrx_word' id='word_1_217' title='bbox 605 2825 620 2872; x_wconf 84' lang='lat'><strong>3</strong></span> <span class='ocrx_word' id='word_1_218' title='bbox 640 2818 789 2873; x_wconf 85' lang='lat' dir='ltr'><strong>solicitudo</strong></span> <span class='ocrx_word' id='word_1_219' title='bbox 808 2829 836 2872; x_wconf 89' lang='grc' dir='ltr'><em>Β</em></span> <span class='ocrx_word' id='word_1_220' title='bbox 906 2824 922 2871; x_wconf 86' lang='grc'>4</span> <span class='ocrx_word' id='word_1_221' title='bbox 941 2818 1048 2872; x_wconf 81' lang='lat' dir='ltr'><strong>notione</strong></span> <span class='ocrx_word' id='word_1_222' title='bbox 1067 2819 1098 2872; x_wconf 78' lang='lat' dir='ltr'><strong>iu</strong></span> 
     </span>
    </p>
   </div>
   <div class='ocr_carea' id='block_1_4' title="bbox 55 2906 1100 3632">
    <p class='ocr_par' dir='ltr' id='par_1_4' title="bbox 55 2906 1100 3632">
     <span class='ocr_line' id='line_1_30' title="bbox 84 2906 1098 2995; baseline -0.002 -15"><span class='ocrx_word' id='word_1_223' title='bbox 84 2926 195 2980; x_wconf 90' lang='lat' dir='ltr'><strong>ratione</strong></span> <span class='ocrx_word' id='word_1_224' title='bbox 214 2936 242 2979; x_wconf 89' lang='grc' dir='ltr'><em>Β</em></span> <span class='ocrx_word' id='word_1_225' title='bbox 325 2933 341 2979; x_wconf 87' lang='lat'>6</span> <span class='ocrx_word' id='word_1_226' title='bbox 360 2941 395 2979; x_wconf 90' lang='lat' dir='ltr'><strong>ne</strong></span> <span class='ocrx_word' id='word_1_227' title='bbox 407 2928 540 2995; x_wconf 91' lang='lat' dir='ltr'><strong>—pudor</strong></span> <span class='ocrx_word' id='word_1_228' title='bbox 558 2943 608 2980; x_wconf 47' lang='lat' dir='ltr'><strong>omi</strong></span> <span class='ocrx_word' id='word_1_229' title='bbox 623 2936 647 2978; x_wconf 80' lang='lat' dir='ltr'><em>J</em></span> <span class='ocrx_word' id='word_1_230' title='bbox 725 2906 792 2993; x_wconf 61' lang='lat' dir='ltr'><strong>ne33</strong></span> <span class='ocrx_word' id='word_1_231' title='bbox 812 2925 931 2978; x_wconf 88' lang='lat' dir='ltr'><strong>sacietas</strong></span> <span class='ocrx_word' id='word_1_232' title='bbox 950 2934 988 2992; x_wconf 86' lang='grc' dir='ltr'><strong>Β;</strong></span> <span class='ocrx_word' id='word_1_233' title='bbox 1007 2940 1098 2993; x_wconf 87' lang='lat' dir='ltr'><strong>neque</strong></span> 
     </span>
     <span class='ocr_line' id='line_1_31' title="bbox 86 2995 1098 3067; baseline -0.003 -16"><span class='ocrx_word' id='word_1_234' title='bbox 86 2997 206 3052; x_wconf 86' lang='lat' dir='ltr'><strong>sacietas</strong></span> <span class='ocrx_word' id='word_1_235' title='bbox 224 3007 245 3049; x_wconf 75' lang='lat' dir='ltr'><strong>s·</strong></span> <span class='ocrx_word' id='word_1_236' title='bbox 314 3002 329 3049; x_wconf 76' lang='grc' dir='ltr'>ἵ</span> <span class='ocrx_word' id='word_1_237' title='bbox 348 2997 496 3050; x_wconf 83' lang='lat' dir='ltr'><strong>vincantur</strong></span> <span class='ocrx_word' id='word_1_238' title='bbox 514 2997 589 3051; x_wconf 90' lang='lat' dir='ltr'><strong>oculi</strong></span> <span class='ocrx_word' id='word_1_239' title='bbox 609 2997 671 3062; x_wconf 83' lang='lat' dir='ltr'><strong>Gr.;</strong></span> <span class='ocrx_word' id='word_1_240' title='bbox 695 2995 791 3050; x_wconf 89' lang='lat' dir='ltr'><strong>oculus</strong></span> <span class='ocrx_word' id='word_1_241' title='bbox 808 2997 869 3051; x_wconf 84' lang='lat' dir='ltr'><strong>Obr.</strong></span> <span class='ocrx_word' id='word_1_242' title='bbox 943 3002 959 3049; x_wconf 89' lang='lat'>8</span> <span class='ocrx_word' id='word_1_243' title='bbox 977 2997 1098 3067; x_wconf 76' lang='lat' dir='ltr'><strong>flagran-</strong></span> 
     </span>
     <span class='ocr_line' id='line_1_32' title="bbox 86 3069 1098 3139; baseline -0.002 -17"><span class='ocrx_word' id='word_1_244' title='bbox 86 3071 184 3137; x_wconf 82' lang='lat' dir='ltr'><strong>tesqua</strong></span> <span class='ocrx_word' id='word_1_245' title='bbox 202 3079 240 3134; x_wconf 83' lang='grc' dir='ltr'><strong>Β;</strong></span> <span class='ocrx_word' id='word_1_246' title='bbox 258 3069 439 3139; x_wconf 76' lang='lat' dir='ltr'><strong>flagrantise</strong></span> <span class='ocrx_word' id='word_1_247' title='bbox 493 3069 620 3122; x_wconf 89' lang='lat' dir='ltr'><strong>9mente</strong></span> <span class='ocrx_word' id='word_1_248' title='bbox 633 3077 661 3120; x_wconf 94' lang='grc' dir='ltr'><em>Β</em></span> <span class='ocrx_word' id='word_1_249' title='bbox 714 3070 840 3120; x_wconf 79' lang='lat' dir='ltr'><strong>comusat</strong></span> <span class='ocrx_word' id='word_1_250' title='bbox 857 3076 885 3119; x_wconf 94' lang='grc' dir='ltr'><em>Β</em></span> <span class='ocrx_word' id='word_1_251' title='bbox 938 3084 1012 3121; x_wconf 85' lang='lat' dir='ltr'><strong>cum:</strong></span> <span class='ocrx_word' id='word_1_252' title='bbox 1032 3083 1098 3121; x_wconf 87' lang='lat' dir='ltr'><strong>cura</strong></span> 
     </span>
     <span class='ocr_line' id='line_1_33' title="bbox 90 3139 1029 3206; baseline -0.003 -13"><span class='ocrx_word' id='word_1_253' title='bbox 90 3139 151 3194; x_wconf 80' lang='lat' dir='ltr'><strong>cor.</strong></span> <span class='ocrx_word' id='word_1_254' title='bbox 225 3145 257 3193; x_wconf 86' lang='grc'><strong>12</strong></span> <span class='ocrx_word' id='word_1_255' title='bbox 278 3139 453 3193; x_wconf 87' lang='lat' dir='ltr'><strong>substituunt</strong></span> <span class='ocrx_word' id='word_1_256' title='bbox 471 3142 585 3194; x_wconf 80' lang='lat' dir='ltr'><strong>alteram</strong></span> <span class='ocrx_word' id='word_1_257' title='bbox 604 3157 622 3191; x_wconf 92' lang='lat' dir='ltr'><strong>u</strong></span> <span class='ocrx_word' id='word_1_258' title='bbox 641 3140 672 3192; x_wconf 79' lang='lat' dir='ltr'><strong>ia</strong></span> <span class='ocrx_word' id='word_1_259' title='bbox 689 3155 743 3192; x_wconf 79' lang='lat' dir='ltr'><strong>ras.</strong></span> <span class='ocrx_word' id='word_1_260' title='bbox 761 3148 797 3206; x_wconf 77' lang='lat'><strong>1³3</strong></span> <span class='ocrx_word' id='word_1_261' title='bbox 821 3139 1029 3193; x_wconf 64' lang='lat' dir='ltr'><strong>substituente</strong></span> 
     </span>
     <span class='ocr_line' id='line_1_34' title="bbox 89 3210 1028 3280; baseline -0.001 -18"><span class='ocrx_word' id='word_1_262' title='bbox 89 3215 122 3262; x_wconf 84' lang='lat'><strong>13</strong></span> <span class='ocrx_word' id='word_1_263' title='bbox 141 3226 174 3264; x_wconf 93' lang='lat' dir='ltr'><strong>oc</strong></span> <span class='ocrx_word' id='word_1_264' title='bbox 187 3219 220 3279; x_wconf 76' lang='grc' dir='ltr'><strong>Β,</strong></span> <span class='ocrx_word' id='word_1_265' title='bbox 240 3229 307 3266; x_wconf 80' lang='lat' dir='ltr'><strong>corr.</strong></span> <span class='ocrx_word' id='word_1_266' title='bbox 323 3222 353 3277; x_wconf 69' lang='grc' dir='ltr'><strong>ὸς</strong></span> <span class='ocrx_word' id='word_1_267' title='bbox 373 3211 423 3264; x_wconf 84' lang='lat' dir='ltr'><strong>dcl.</strong></span> <span class='ocrx_word' id='word_1_268' title='bbox 441 3211 581 3280; x_wconf 72' lang='lat' dir='ltr'><strong>Gryphicc</strong></span> <span class='ocrx_word' id='word_1_269' title='bbox 653 3215 686 3262; x_wconf 83' lang='lat'><strong>14</strong></span> <span class='ocrx_word' id='word_1_270' title='bbox 706 3211 749 3263; x_wconf 75' lang='lat' dir='ltr'><strong>tm</strong></span> <span class='ocrx_word' id='word_1_271' title='bbox 769 3210 818 3262; x_wconf 88' lang='lat' dir='ltr'><strong>sed</strong></span> <span class='ocrx_word' id='word_1_272' title='bbox 836 3210 990 3264; x_wconf 90' lang='lat' dir='ltr'><strong>remedium</strong></span> <span class='ocrx_word' id='word_1_273' title='bbox 1009 3219 1028 3261; x_wconf 81' lang='lat' dir='ltr'><strong>s</strong></span> 
     </span>
     <span class='ocr_line' id='line_1_35' title="bbox 75 3280 1099 3353; baseline 0 -19"><span class='ocrx_word' id='word_1_274' title='bbox 75 3286 122 3353; x_wconf 39' lang='grc' dir='ltr'><strong>ἡ15</strong></span> <span class='ocrx_word' id='word_1_275' title='bbox 141 3283 262 3351; x_wconf 82' lang='lat' dir='ltr'><strong>temptat</strong></span> <span class='ocrx_word' id='word_1_276' title='bbox 281 3292 347 3346; x_wconf 70' lang='lat' dir='ltr'><strong>Meo</strong></span> <span class='ocrx_word' id='word_1_277' title='bbox 417 3287 449 3335; x_wconf 76' lang='lat'><strong>17</strong></span> <span class='ocrx_word' id='word_1_278' title='bbox 468 3284 579 3336; x_wconf 90' lang='lat' dir='ltr'><strong>tantum</strong></span> <span class='ocrx_word' id='word_1_279' title='bbox 598 3280 712 3335; x_wconf 47' lang='lat' dir='ltr'><strong>delsGr.</strong></span> <span class='ocrx_word' id='word_1_280' title='bbox 781 3286 814 3335; x_wconf 89' lang='lat'><strong>18</strong></span> <span class='ocrx_word' id='word_1_281' title='bbox 832 3282 890 3334; x_wconf 87' lang='lat' dir='ltr'><strong>iam</strong></span> <span class='ocrx_word' id='word_1_282' title='bbox 908 3281 972 3350; x_wconf 89' lang='lat' dir='ltr'><strong>plus</strong></span> <span class='ocrx_word' id='word_1_283' title='bbox 991 3281 1099 3334; x_wconf 84' lang='lat' dir='ltr'><strong>devitat</strong></span> 
     </span>
     <span class='ocr_line' id='line_1_36' title="bbox 55 3351 1100 3422; baseline -0.003 -16"><span class='ocrx_word' id='word_1_284' title='bbox 55 3363 111 3406; x_wconf 75' lang='grc'><strong>..1</strong></span> <span class='ocrx_word' id='word_1_285' title='bbox 163 3352 279 3408; x_wconf 84' lang='lat' dir='ltr'><strong>denotat</strong></span> <span class='ocrx_word' id='word_1_286' title='bbox 295 3353 356 3408; x_wconf 80' lang='lat' dir='ltr'><strong>Obr.</strong></span> <span class='ocrx_word' id='word_1_287' title='bbox 407 3352 493 3406; x_wconf 86' lang='lat' dir='ltr'><strong>refrct</strong></span> <span class='ocrx_word' id='word_1_288' title='bbox 506 3363 534 3406; x_wconf 83' lang='grc' dir='ltr'><strong>Ρ</strong></span> <span class='ocrx_word' id='word_1_289' title='bbox 585 3357 619 3406; x_wconf 90' lang='grc'><strong>20</strong></span> <span class='ocrx_word' id='word_1_290' title='bbox 637 3351 856 3422; x_wconf 87' lang='lat' dir='ltr'><strong>unumquodque</strong></span> <span class='ocrx_word' id='word_1_291' title='bbox 875 3364 904 3406; x_wconf 80' lang='lat' dir='ltr'><strong>o:</strong></span> <span class='ocrx_word' id='word_1_292' title='bbox 924 3368 1048 3421; x_wconf 80' lang='lat' dir='ltr'><strong>quoque</strong></span> <span class='ocrx_word' id='word_1_293' title='bbox 1066 3366 1100 3416; x_wconf 77' lang='lat' dir='ltr'><strong>ae</strong></span> 
     </span>
     <span class='ocr_line' id='line_1_37' title="bbox 157 3423 1100 3488; baseline -0.004 -10"><span class='ocrx_word' id='word_1_294' title='bbox 157 3424 182 3478; x_wconf 89' lang='lat' dir='ltr'><strong>is</strong></span> <span class='ocrx_word' id='word_1_295' title='bbox 196 3434 223 3477; x_wconf 98' lang='grc' dir='ltr'><em>Β</em></span> <span class='ocrx_word' id='word_1_296' title='bbox 302 3430 334 3477; x_wconf 88' lang='grc'><strong>21</strong></span> <span class='ocrx_word' id='word_1_297' title='bbox 355 3424 398 3479; x_wconf 85' lang='lat' dir='ltr'><strong>est</strong></span> <span class='ocrx_word' id='word_1_298' title='bbox 417 3438 497 3488; x_wconf 73' lang='lat' dir='ltr'><strong>coac</strong></span> <span class='ocrx_word' id='word_1_299' title='bbox 579 3429 611 3478; x_wconf 87' lang='grc'><strong>22</strong></span> <span class='ocrx_word' id='word_1_300' title='bbox 631 3425 810 3478; x_wconf 85' lang='lat' dir='ltr'><strong>excusatione</strong></span> <span class='ocrx_word' id='word_1_301' title='bbox 829 3423 941 3478; x_wconf 87' lang='lat' dir='ltr'><strong>hercule</strong></span> <span class='ocrx_word' id='word_1_302' title='bbox 960 3432 987 3475; x_wconf 98' lang='grc' dir='ltr'><em>Β</em></span> <span class='ocrx_word' id='word_1_303' title='bbox 1058 3427 1100 3475; x_wconf 84' lang='lat' dir='ltr'><strong>eet</strong></span> 
     </span>
     <span class='ocr_line' id='line_1_38' title="bbox 87 3494 1099 3565; baseline -0.004 -16"><span class='ocrx_word' id='word_1_304' title='bbox 87 3496 230 3550; x_wconf 85' lang='lat' dir='ltr'><strong>excusatio</strong></span> <span class='ocrx_word' id='word_1_305' title='bbox 249 3494 276 3549; x_wconf 90' lang='lat' dir='ltr'><strong>h.</strong></span> <span class='ocrx_word' id='word_1_306' title='bbox 296 3496 374 3551; x_wconf 79' lang='lat' dir='ltr'><strong>Dece.</strong></span> <span class='ocrx_word' id='word_1_307' title='bbox 457 3501 490 3548; x_wconf 86' lang='grc'><strong>23</strong></span> <span class='ocrx_word' id='word_1_308' title='bbox 509 3510 606 3565; x_wconf 85' lang='lat' dir='ltr'><strong>posses</strong></span> <span class='ocrx_word' id='word_1_309' title='bbox 625 3507 652 3550; x_wconf 73' lang='lat' dir='ltr'><strong>s:</strong></span> <span class='ocrx_word' id='word_1_310' title='bbox 678 3497 774 3565; x_wconf 89' lang='lat' dir='ltr'><strong>posset</strong></span> <span class='ocrx_word' id='word_1_311' title='bbox 792 3519 814 3549; x_wconf 87' lang='grc' dir='ltr'><strong>ω</strong></span> <span class='ocrx_word' id='word_1_312' title='bbox 899 3500 933 3548; x_wconf 76' lang='grc'><strong>25</strong></span> <span class='ocrx_word' id='word_1_313' title='bbox 958 3494 1044 3547; x_wconf 82' lang='lat' dir='ltr'><strong>ducat</strong></span> <span class='ocrx_word' id='word_1_314' title='bbox 1063 3502 1099 3559; x_wconf 71' lang='lat'><strong>133</strong></span> 
     </span>
     <span class='ocr_line' id='line_1_39' title="bbox 86 3566 449 3632; baseline -0.003 -13"><span class='ocrx_word' id='word_1_315' title='bbox 86 3567 210 3621; x_wconf 87' lang='lat' dir='ltr'><strong>deducat</strong></span> <span class='ocrx_word' id='word_1_316' title='bbox 227 3575 257 3632; x_wconf 72' lang='grc' dir='ltr'><strong>νς</strong></span> <span class='ocrx_word' id='word_1_317' title='bbox 277 3566 379 3621; x_wconf 84' lang='lat' dir='ltr'><strong>educas</strong></span> <span class='ocrx_word' id='word_1_318' title='bbox 398 3576 449 3620; x_wconf 74' lang='lat' dir='ltr'><strong>Mo</strong></span> 
     </span>
    </p>
   </div>
   <div class='ocr_carea' id='block_1_5' title="bbox 0 0 1233 3952">
    <p class='ocr_par' dir='ltr' id='par_1_5' title="bbox 0 0 1233 3952">
     <span class='ocr_line' id='line_1_40' title="bbox 0 0 1233 3952; baseline 0 0"><span class='ocrx_word' id='word_1_319' title='bbox 0 0 1233 3952; x_wconf 95' lang='lat' dir='ltr'><strong> </strong></span> 
     </span>
    </p>
   </div>
  </div>
 </body>
</html>
