2430 3952
132 188 177 261 3ss
471 188 588 248 CAEUV
589 192 607 248 S
625 188 665 246 lu
682 188 811 247 Hm

134 350 264 422 turbasti
286 349 382 422 totam
404 360 545 421 domam?
568 363 655 421 eteius
682 362 838 439 privignus
864 361 1028 438 parricida,
1055 360 1153 422 miser

135 455 181 512 est
203 449 349 511 maritas-⁴?
392 468 432 510 en
455 466 524 510 ecoe
546 450 689 510 vitalitas
714 449 813 527 ruptis
836 449 868 508 in
895 450 1049 526 amplexus
1079 453 1152 510 tuos

136 540 297 600 effunditis
324 556 418 614 cruor,
445 543 476 599 et
500 540 619 618 fugiens
646 556 700 616 per
720 539 829 599 vulnus
857 538 957 598 anima
983 541 1050 618 egit
1076 542 1152 599 ante

131 647 166 689 se
187 629 351 704 *anhelitum
379 630 442 708 agit
466 629 566 688 oretra
589 628 724 704 suspiria.
771 646 808 687 en
829 628 941 687 iterum
967 628 1073 706 longus
1098 628 1152 688 ille

135 719 257 797 sanguis
280 718 362 778 oinos
387 720 457 777 tuos
483 717 609 776 duram
634 719 732 792 uitus,
763 717 918 795 stringens
941 716 1153 776 nescientium
1179 740 1189 780 s

135 808 233 885 rigore
251 808 459 866 membrorum.
491 824 551 865 non
570 806 706 880 moveris,
726 824 789 864 non
804 805 987 882 expavescis,
1009 805 1061 865 ceo
1081 805 1152 866 dor-

135 897 192 956 mis
215 913 268 974 pen
295 898 341 956 tot
364 893 573 954 diversitates?
618 912 678 953 non
699 894 880 971 relinquitur
899 895 975 971 quid
1003 895 1089 954 aliud
1114 897 1152 955 si-

136 986 251 1044 mulare
278 985 375 1062 possit
399 984 507 1042 mulier
529 983 577 1042 oui
596 1002 715 1043 necesse
744 987 788 1043 est
810 986 895 1042 iuxta
922 1002 991 1042 eum
1018 984 1154 1044 inveniri

86 1074 125 1131 19
137 1093 225 1151 quem
249 1073 364 1132 occidit.
408 1090 469 1131 non
497 1075 553 1148 est,
581 1072 706 1147 iudices,
729 1072 808 1148 quod
830 1071 1002 1132 incredibile
1026 1074 1154 1149 putetis,

137 1165 173 1221 ut
196 1163 261 1237 quis
281 1162 415 1237 perferet
437 1161 610 1220 dormientis
633 1160 860 1220 simulationem.
896 1161 973 1219 nihil
991 1164 1045 1236 est,
1070 1163 1154 1239 quod
1169 1185 1193 1227 so

137 1251 256 1310 facilius
278 1252 410 1309 humana
433 1250 581 1310 calliditas
608 1252 703 1327 possit
724 1250 845 1309 imitari.
891 1251 1080 1326 sicquidem
1104 1268 1154 1311 oa·

137 1339 280 1399 dovotum
312 1356 477 1416 expressere
507 1339 648 1415 pallorem
679 1341 710 1398 et
737 1342 839 1398 contra
866 1339 1003 1413 verbera,
1034 1343 1155 1416 experi-

138 1431 239 1488 menta
261 1429 389 1489 telorum
411 1431 552 1488 mortium
574 1429 723 1503 peitulere
746 1428 932 1504 patientiam.
971 1431 1085 1503 quanto
1107 1430 1154 1489 fa-

137 1519 224 1578 cilius
251 1518 391 1579 simulare
417 1536 482 1576 rem
509 1517 592 1576 euius
619 1517 781 1577 imitationi
809 1516 924 1576 sufficit
950 1518 1075 1577 clusisse
1106 1519 1154 1577 lu-

138 1607 228 1682 mina,
246 1609 361 1667 leuasse
375 1607 514 1678 membra,
535 1606 647 1666 dedisse
666 1606 801 1682 suspiriis
819 1605 940 1664 modum
953 1607 984 1664 et
999 1604 1154 1667 anhelitus
1169 1631 1192 1672 u

139 1697 329 1774 neglegenter
352 1694 466 1774 egisse?
502 1697 581 1753 inter
603 1695 798 1754 dormientem
821 1695 1070 1771 simulantemque
1091 1712 1155 1756 non

140 1787 185 1844 est
207 1786 265 1843 nisi
283 1785 470 1844 conscientia.
503 1803 573 1843 nam
591 1784 671 1860 quod
688 1783 727 1842 ad
744 1786 792 1842 tot
808 1784 944 1862 vestigia,
965 1785 1014 1842 tot
1027 1798 1155 1861 manos,

140 1877 187 1932 tot
208 1874 456 1949 proclamationes
474 1872 508 1930 in
526 1872 629 1932 eodem
645 1874 748 1932 tenore
767 1873 897 1948 duravit,
919 1872 1013 1932 nolito
1032 1872 1154 1934 mironi:

140 1962 260 2020 facilius
288 1964 396 2021 excites
419 1961 621 2020 dormientem.
667 1963 793 2020 ethaeo
816 1964 861 2020 est
886 1961 1018 2021 omnium
1041 1966 1154 2022 maura

141 2070 248 2125 rerum,
269 2070 308 2131 ue
332 2051 403 2125 quid
426 2051 537 2109 diutius
560 2051 692 2125 perferas
715 2068 804 2125 quum
828 2050 907 2127 quod
929 2050 1066 2110 imiteris.
1116 2052 1155 2112 si-
1168 2076 1192 2116 sc

140 2139 254 2197 mulare
282 2156 417 2198 somnum
443 2139 534 2198 habet
561 2142 591 2197 et
616 2139 693 2198 hanc
720 2140 897 2199 facilitatem
924 2138 1003 2216 quod
1031 2140 1156 2200 videtur

141 2228 247 2287 similis
275 2229 403 2287 excitato
427 2228 478 2304 qui
506 2227 703 2303 deprehensus
730 2231 784 2290 est.
831 2229 983 2304 quidhoc
1010 2246 1074 2288 esse
1099 2232 1155 2305 vis,

141 2317 256 2391 mulier,
279 2317 359 2392 quod
380 2320 411 2376 te
429 2336 489 2376 non
507 2319 617 2377 excitat
634 2335 680 2376 res
699 2336 759 2394 qua
778 2317 881 2377 dom-us
900 2320 966 2377 tota
989 2317 1155 2377 turbator?

214 2581 229 2628 Β
249 2591 285 2629 en
303 2596 350 2641 αγ;
369 2589 419 2629 om.
431 2588 487 2639 pro
556 2591 689 2645 ampexus
712 2585 733 2627 V
801 2582 816 2628 3
836 2574 1001 2630 effunditur:
1024 2575 1156 2631 funditus

140 2658 166 2700 J
217 2647 340 2717 fugiens:
360 2646 488 2719 tfugiens
505 2656 533 2700 Β
603 2663 654 2715 per
669 2648 703 2700 >ia
720 2664 774 2701 ruo.
789 2657 817 2701 Β
874 2647 984 2701 vulnus:
1004 2646 1107 2718 vulgus
1120 2659 1156 2714 J,

144 2766 237 2808 coum
292 2753 398 2807 anima:
418 2753 549 2806 omnias
604 2752 665 2822 egit
683 2754 760 2806 ante:
780 2754 906 2823 agitante
925 2764 975 2819 apr
1027 2718 1157 2809 411111111-

143 2861 263 2926 tusBV3
283 2856 454 2923 anhelitum»
508 2875 554 2914 en:
570 2873 641 2914 ano
694 2841 880 2929 5⁸anguisn
933 2861 1021 2914 ortus:
1042 2874 1158 2926 arouse

146 2973 161 3020 6
185 2966 234 3020 sed
258 2965 374 3019 dormis:
398 2930 479 3020 siidor
496 2967 549 3020 mis
567 2977 595 3020 Β
679 2974 694 3021 9
718 2967 823 3036 putetis
843 2985 892 3022 om.
908 2976 940 3021 Μ
962 2984 1036 3036 supr.
1051 2988 1084 3020 m

147 3079 178 3126 11
182 3072 326 3250 )quidam:
346 3072 460 3140 quidem
477 3081 536 3126 ΒΜ
615 3079 648 3128 12
667 3055 793 3144 cxpssere
813 3075 923 3144 aiacem
937 3090 989 3144 per
1006 3092 1025 3142 p
1044 3072 1159 3129 coctam

207 3161 504 3248 Bexp'ffltass(
495 3181 571 3248 (.oerr
587 3182 628 3250 ὡς
647 3182 681 3234 et
702 3180 893 3250 experimenta
912 3188 957 3246 ue
1033 3185 1065 3234 13
1082 3181 1159 3236 telo-

145 3183 234 3339 nlmB
222 3295 250 3339 Β
268 3283 345 3354 (corr.
361 3289 389 3343 ol
450 3285 594 3339 mortium:
614 3288 753 3340 mortuum
771 3294 831 3339 Im
900 3293 933 3340 14
951 3287 1105 3340 imitationi
1120 3302 1161 3344 eoo

178 3366 240 3410 eB
310 3354 424 3420 suflicit
445 3367 467 3408 V
532 3356 701 3424 luminant,
723 3373 838 3412 corum
917 3364 950 3412 15
968 3357 1112 3413 hanelitns
1131 3366 1162 3414 Β

149 3433 180 3481 17
196 3433 261 3497 post
274 3427 446 3481 couscientia
459 3433 584 3497 repetant
597 3445 652 3481 nou
666 3429 709 3482 est
721 3429 777 3482 uisi
792 3429 962 3483 conscientia
977 3450 1012 3492 oy
1064 3434 1101 3483 11)
1121 3432 1161 3485 si-

147 3499 254 3552 mulare
269 3514 406 3552 somnum:
428 3498 573 3552 simulones
593 3499 716 3553 omnium
734 3506 761 3552 Β
814 3506 846 3554 21
864 3498 1046 3554 facilitatem:
1066 3499 1160 3557 tacul-

147 3572 269 3634 tetemp
341 3575 375 3623 23
394 3571 454 3623 tota
474 3569 571 3622 domus
595 3579 615 3621 ι’
