2430 3952
121 173 185 239 112
445 171 620 228 CORPORIS
638 171 806 228 PROIEOTI

118 361 193 400 uxor
215 342 340 399 nimium
363 340 467 400 dilexit
489 344 519 400 et
546 341 634 400 filius.
681 341 753 416 quid
780 361 834 418 ego
863 344 1000 418 putarem
1025 343 1060 399 in
1088 361 1133 400 re·

119 451 185 489 rum
203 433 312 489 natura
328 450 415 506 posse
433 432 558 507 reperiri
572 430 651 506 quod
666 431 793 490 orbitate
812 431 945 490 acerbius
959 429 1134 489 videretur?

119 539 180 578 non
209 520 356 597 contingit
384 520 458 578 mihi
484 553 521 560 -
548 519 628 595 quod
658 521 763 579 ceteris
792 520 989 579 miserrimum
1019 523 1067 578 est
1092 551 1131 560 —

120 608 215 666 filium
242 608 351 667 efferre.
397 628 504 684 parum
531 611 575 667 est
599 608 677 684 quod
699 610 801 669 iuveni
823 609 981 686 singularis
1005 609 1135 684 exempli

121 715 209 756 causa
232 699 335 756 mortis
359 697 405 756 fui
428 700 458 756 et
479 700 543 756 tam
565 699 698 772 pretiosa
718 699 889 774 redemptus
912 699 1012 757 anima
1036 716 1134 773 senex,
1160 719 1170 758 s

121 787 271 845 ominosus
289 789 385 845 morte
407 786 463 844 filii
485 788 551 861 mci,
574 787 651 845 rivo.
689 806 796 862 parum
818 789 864 846 est
883 786 960 862 quod
978 786 1054 844 mihi
1072 788 1135 846 luc-

120 878 187 933 tum
205 895 303 934 meum
321 875 428 934 fluctus
447 877 634 950 nuntiarunt,
657 878 687 933 et
706 876 788 934 aliud
806 877 908 953 agenti
930 875 1010 952 patri
1033 876 1135 934 subito

122 964 160 1023 ad
182 965 254 1022 litus
278 964 390 1023 orbitas
414 964 540 1039 appulsa
563 966 619 1039 est,
643 965 724 1040 quod
746 965 886 1023 miserum
908 964 1045 1023 iuvenem
1068 967 1134 1039 tcto

121 1055 265 1111 iactatum
287 1053 363 1110 mari
387 1053 491 1127 etiam,
520 1053 653 1111 sinemo
677 1054 908 1129 interpellasset,
937 1072 1001 1112 sere
1027 1053 1135 1128 sepeli-

121 1161 196 1199 rem:
221 1141 316 1200 adhuc
339 1159 476 1216 supremo
500 1141 658 1217 prohibeor
681 1142 788 1217 officio,
812 1145 849 1217 et,
873 1160 909 1200 ne
932 1142 1004 1218 quid
1027 1142 1134 1201 solacii
1149 1163 1172 1202 ιο

122 1231 282 1307 contingat,
305 1229 396 1305 perdo
421 1233 511 1289 etiam
533 1233 624 1290 maris
647 1232 887 1290 misericordiam.
925 1230 1010 1290 inicit
1033 1249 1136 1290 erran·

121 1321 182 1376 tem
205 1321 322 1395 corpori
348 1338 470 1378 manum
497 1320 604 1378 mulier
627 1323 656 1378 et
683 1321 790 1397 piratis
814 1323 843 1379 et
868 1321 1044 1395 tempestate
1069 1339 1135 1379 cru·

122 1408 228 1484 delium
256 1411 359 1484 atque,
387 1412 422 1466 ut
451 1409 572 1468 accedat
600 1409 695 1468 dolori
721 1429 786 1468 meo
815 1409 949 1468 cumulus
973 1427 1051 1484 quae
1078 1411 1136 1468 hoc

86 1498 210 1572 afanis,
236 1517 311 1556 uxor
336 1516 403 1557 mea
430 1502 481 1557 est.
527 1518 564 1557 ne
588 1498 653 1573 quis
681 1502 781 1557 tamen
809 1501 886 1557 erret
912 1498 1045 1575 ignotus,
1074 1517 1136 1557 nou

78 1650 95 1662 ,
122 1589 167 1645 est
188 1587 244 1644 filii
266 1587 486 1661 mei'noverca,
519 1588 569 1646 sed
596 1589 699 1646 mater.
746 1606 763 1646 0
790 1588 919 1661 facinus,
951 1607 968 1646 0
998 1587 1135 1646 cladibus
1149 1606 1172 1647 15

121 1678 231 1734 nostris
253 1678 369 1734 mutata
392 1677 513 1735 natura!
554 1679 650 1734 mater
672 1679 772 1754 ignem
794 1677 934 1734 ultimum
956 1674 1017 1734 filio
1042 1679 1135 1754 negat

123 1767 153 1822 et
175 1765 281 1823 mulier
302 1783 377 1840 quae
400 1766 543 1824 maritum
562 1784 679 1840 queque
699 1784 784 1824 suum
803 1765 959 1825 debilitata
976 1764 1134 1824 desiderat.

123 1855 189 1928 quis
212 1854 267 1912 hoc
291 1853 326 1912 de
349 1855 407 1912 ista
431 1851 556 1912 credat?
591 1853 685 1911 filium
709 1873 768 1911 non
791 1853 851 1929 flet,
874 1854 1007 1912 funditus
1031 1873 1136 1913 eversa

122 1942 235 1999 fulmen
263 1941 319 1999 hcc
350 1942 541 2018 gladiumque
571 1961 631 2000 non
661 1944 759 2000 sentit.
807 1946 956 2018 comparet
989 1943 1134 2001 dolorem!

123 2032 235 2105 quante
253 2030 366 2088 minore
385 2049 474 2089 causa
495 2034 650 2089 excaecata
670 2034 721 2089 est.
758 2032 854 2106 huius,
878 2031 997 2105 iudices,
1020 2051 1173 2106 poenaeue

123 2118 160 2176 ab
183 2119 248 2193 ipsa
270 2121 365 2176 morte
388 2120 515 2193 repetite
539 2121 656 2178 crimen.
704 2139 758 2197 ego
782 2139 856 2196 sum,
879 2140 933 2197 ego
957 2124 988 2179 et
1011 2121 1135 2198 alligavi

122 2207 217 2264 filium
244 2227 343 2265 meum
370 2210 400 2266 et
427 2208 571 2266 infamari
598 2212 641 2283 et,
669 2229 705 2267 ne
730 2229 790 2268 non
819 2211 939 2268 accedat
966 2210 1136 2286 gravissimi

123 2296 233 2355 dcloris
261 2314 358 2354 comes
385 2298 583 2372 paenitentia,
610 2297 642 2355 in
664 2299 752 2356 illum
778 2299 965 2357 mortiferum
988 2317 1136 2357 carcerem

122 2387 220 2444 mersi.
258 2404 315 2460 quo
338 2385 400 2444 fato
423 2389 560 2461 parentes
582 2389 672 2446 miser
695 2389 816 2446 sortitus
841 2391 894 2461 est,
916 2390 951 2445 ut
973 2388 1019 2445 illi
1039 2389 1136 2446 vitam

123 2477 217 2550 pater,
240 2475 424 2550 sepulturam
446 2477 542 2533 mater
570 2474 721 2534 auferret?
765 2497 835 2535 nam
857 2480 891 2535 ut
913 2476 1057 2551 pietatem
1080 2477 1136 2534 filii
1151 2497 1175 2536 rs

123 2565 181 2622 mei
205 2564 295 2623 semel
321 2563 456 2637 indicem,
483 2566 600 2639 patrem
627 2565 759 2623 redemit.
806 2565 831 2623 si
855 2565 935 2640 qucd
959 2584 1012 2642 ego
1040 2566 1135 2624 redie-

122 2653 193 2726 rim,
220 2672 294 2712 uxor
320 2653 472 2727 irascitur,
499 2653 605 2712 reddat
627 2656 774 2712 rationem
797 2673 849 2712 cur
872 2656 999 2729 acceptis
1025 2655 1135 2713 litteris

123 2744 196 2799 meis
219 2742 341 2800 fleverit.
388 2744 493 2817 atquin
519 2742 701 2801 miserrimus
728 2744 844 2802 iuvenis
868 2743 1014 2818 quomodo
1037 2747 1135 2820 magis

196 2964 334 3018 ldelcxit
352 2975 380 3017 P
449 2981 514 3034 ergo
534 2973 567 3017 Μ
635 2965 795 3047 lascivius
818 2975 839 3017 V
908 2966 1134 3035 3ccntingit11,

123 3107 142 3142 n
161 3088 210 3141 del.
227 3098 256 3155 ὸς
276 3088 396 3159 contigit
409 3098 442 3142 Μ
492 3096 509 3144 4
527 3054 629 3143 iuvenis
636 3055 786 3159 s¹i¹1¹1gu1aris
800 3098 834 3155 Β,
854 3107 928 3159 supr.
944 3101 973 3156 a,
992 3055 1099 3144 iuvenis
1118 3101 1139 3143 Ρ

124 3165 140 3213 6
163 3159 579 3230 ominosus—meicm.1’ia
601 3162 702 3216 laeana
787 3161 940 3215 ominosus:
965 3162 1077 3215 odiosus
1097 3170 1134 3228 M,

122 3229 168 3283 vel
186 3230 327 3284 ominosus
345 3252 376 3283 m
431 3231 540 3301 ipatri
559 3249 608 3287 cm.
624 3241 658 3299 Β,
677 3233 709 3285 ira
726 3249 811 3302 marp.
831 3234 928 3286 addc
984 3238 1015 3286 11
1034 3233 1134 3286 maris:

123 3302 221 3355 mertis
239 3310 277 3369 113
301 3302 416 3356 meroris
440 3312 461 3354 V
537 3302 758 3357 misericordiam
776 3303 857 3357 inicit
876 3319 956 3357 erran
975 3321 1023 3359 om.
1043 3305 1075 3357 ia
1094 3305 1133 3358 la-

124 3425 197 3462 euae
215 3418 243 3461 Ρ
313 3413 346 3460 14
364 3407 452 3477 faciat
469 3418 498 3462 Β
569 3414 602 3462 17
621 3426 702 3464 suum
721 3427 831 3478 quoque
850 3419 870 3462 Ρ
928 3377 1076 3464 debilitata
1095 3420 1133 3476 1¹3

126 3480 273 3534 debilitate
295 3489 369 3533 Vl’m
459 3485 492 3532 22
517 3495 568 3534 nee
587 3490 629 3548 M,
652 3480 697 3535 vel
720 3497 755 3535 ne
778 3503 809 3534 m
894 3499 950 3535 non
973 3499 1022 3535 om.
1038 3492 1066 3535 Ρ

16 3564 19 3570 “
125 3556 159 3606 25
177 3551 319 3620 pietates
