2430 3952
99 190 165 256 378
377 188 569 256 arcannm
586 187 831 245 messeanam.

96 359 150 418 ubi
178 377 280 419 sensus
306 358 421 417 doloris
446 377 506 417 nen
535 358 681 433 inveniat,
710 377 817 434 nempe
841 359 942 418 tamen
965 358 1123 419 cadavera

26 458 31 465 ·
96 449 168 507 feris
187 447 303 507 obiciet
345 446 521 507 circumdati
539 449 609 507 sunt
627 447 748 522 quidam
766 447 902 522 flammis,
924 449 993 523 ipsa
1010 451 1121 508 tamen

96 555 192 614 poena
210 535 316 595 habuit
334 536 527 612 sepulturam.
568 536 674 595 funera
691 539 793 596 nostra
811 555 870 594 non
889 537 1003 596 caverit
1024 538 1121 616 ignis,

97 627 132 684 ut
163 626 271 685 saltem
303 627 414 684 cineres
445 627 639 684 remanerent.
691 644 752 684 non
783 626 864 684 ferae
895 625 1121 703 laceraverunt,

97 734 157 774 non
194 734 263 774 aves
301 715 479 792 attigerunt,
520 714 570 773 sed
609 713 660 790 qui
696 716 874 791 genuerant,
911 716 1119 776 comederunt
1148 736 1161 776 a

95 822 241 863 memores
260 804 403 863 scelernm
420 802 513 878 pudet
531 821 584 862 nos
603 805 711 862 vivere.
753 805 844 878 caput
862 803 901 862 ad
918 803 1036 863 caelum
1055 824 1120 864 non

95 893 238 952 audemus
256 893 364 952 levare.
401 894 544 951 morimur
557 892 666 967 miseri,
685 894 762 952 sicia
776 895 844 951 ante
859 892 1043 952 desideratos
1064 893 1120 953 din

95 981 177 1041 cibos
209 981 295 1040 avide
321 982 488 1056 haurimus,
521 983 551 1039 et
577 982 721 1040 morimur
744 981 841 1041 adhuc
869 982 1019 1040 frumento
1052 985 1118 1042 tuo.

95 1070 191 1130 credis
205 1071 290 1130 nobis
304 1071 441 1129 attulisse
454 1070 607 1145 pabulum,
626 1073 656 1129 et
670 1071 802 1130 attulisti
814 1077 968 1129 uenenum.
997 1089 1070 1130 cum
1085 1074 1119 1132 te

95 1161 239 1235 misimus,
262 1179 279 1218 o
302 1159 409 1238 legate,
433 1179 500 1218 cum
522 1159 653 1218 lacrimis
673 1161 788 1237 pariter
810 1159 1026 1218 clamabamus:
1051 1179 1157 1222 m0·1e

95 1250 203 1323 rimur,
229 1248 402 1322 defecimus,
429 1248 540 1307 festina
566 1250 746 1323 misericors,
774 1267 874 1308 omnes
898 1249 1000 1324 excipe
1023 1268 1118 1310 auras

94 1339 135 1412 et,
158 1340 185 1396 si
206 1340 272 1397 tota
295 1337 430 1397 secundis
452 1337 573 1398 flatibus
596 1338 664 1396 vela
686 1337 868 1395 tetenderint
890 1339 986 1413 venti,
1008 1339 1118 1398 tamen

94 1428 184 1485 remis
212 1426 328 1485 adiuva.
374 1427 502 1485 salutem
528 1426 679 1502 publicam
709 1426 806 1501 vehis,
836 1426 976 1502 spiritum
1005 1429 1118 1503 pepuli

93 1518 141 1574 tui
170 1517 313 1592 reportas.
366 1517 498 1574 omnium
528 1517 663 1574 nostrum
691 1517 724 1572 in
753 1517 813 1574 ista
842 1516 934 1574 classe
963 1517 1118 1594 navigant

93 1606 220 1664 animae.
272 1604 395 1679 festina,
426 1623 487 1663 non
513 1606 575 1664 stat
601 1605 722 1663 interim
749 1604 826 1679 dies,
856 1606 887 1662 et
908 1605 1006 1680 plenis
1037 1606 1116 1666 velis
1129 1625 1154 1667 a

92 1711 173 1753 mors
205 1695 296 1754 venit.
342 1695 401 1752 cito
430 1693 502 1752 redi.
547 1712 655 1769 parum
687 1693 791 1752 afferre
824 1711 884 1751 non
910 1694 1003 1769 potes.
1052 1713 1116 1755 non

93 1782 215 1842 delicati
238 1801 354 1857 sumus,
380 1801 441 1842 non
463 1783 598 1842 luxiniae
625 1783 780 1859 quaeritur
809 1781 1029 1850 habundantia,
1061 1783 1116 1844 sed

94 1872 172 1930 unde
202 1871 341 1948 spiritum
370 1873 582 1946 sustineamus,
616 1874 646 1930 et
668 1871 746 1930 unde
772 1873 900 1930 mortem
929 1870 1113 1934 differamus.
1177 1895 1181 1899 ·

92 1962 121 2018 si
149 1960 217 2036 plus
247 1979 320 2036 opus
350 1960 454 2034 fuerit,
483 1960 607 2034 redibis,
642 1960 825 2020 solummodo
856 1961 950 2018 citum
978 1960 1115 2021 reditum
1213 1954 1215 2041 ,

93 2066 240 2126 rogamus.
278 2049 411 2107 inlitora
426 2051 547 2124 stamus,
561 2049 670 2107 intenti
684 2051 715 2108 te
733 2050 936 2125 exspectantes
955 2051 1113 2127 morimur,
1128 2071 1153 2112 so

93 2138 126 2195 in
149 2156 230 2195 mare
249 2139 360 2195 mortui
382 2137 500 2195 cadunt.
547 2138 683 2212 quotiens
702 2138 764 2197 sole
786 2156 926 2214 percussa
948 2137 1042 2198 nubas
1067 2159 1114 2200 re·

94 2226 188 2300 fulsit,
211 2244 318 2284 navem
340 2228 494 2301 putemne,
522 2226 658 2300 quotiens
681 2227 793 2286 tractus
821 2229 910 2285 vento
933 2226 1043 2288 fluctus
1067 2231 1113 2287 in-

92 2316 204 2388 canuit,
227 2315 294 2373 vela
311 2316 555 2390 interpretamur:
578 2317 651 2375 haec
674 2318 753 2375 certe
770 2318 857 2375 navis
876 2319 928 2389 est,
952 2334 1018 2375 ecce
1043 2319 1114 2378 vela

92 2403 278 2480 panduntur,
311 2405 435 2480 propius
472 2404 598 2480 accedit,
627 2423 803 2482 prosperum
837 2407 960 2463 ventum
993 2406 1114 2484 habuit,

91 2493 223 2569 respexit
251 2511 304 2551 nos
333 2494 412 2552 deus.
458 2493 530 2552 haec
553 2494 692 2568 dicimus,
722 2496 755 2553 at
783 2494 838 2552 illa
867 2495 989 2552 interim
1010 2497 1114 2557 nans·
1127 2516 1151 2557 rs

92 2583 183 2641 uolat.
229 2582 315 2641 fletus
333 2582 402 2640 inde
426 2584 456 2640 et
479 2583 655 2658 desperatio,
678 2584 754 2642 nihil
777 2585 856 2642 enim
875 2582 995 2660 gravim
1018 2603 1115 2659 quam
1207 2584 1212 2689 Ῑ

91 2671 253 2730 destitutae
286 2690 352 2747 spes
376 2673 525 2746 torquent.
577 2674 761 2750 interrogare
789 2672 908 2748 quidem
930 2691 991 2731 non
1013 2672 1114 2751 licuit,
1208 2702 1212 2747 i

93 2780 179 2819 nemo
204 2763 283 2819 enim
306 2760 484 2836 applicabat.
531 2762 637 2820 saltem
660 2763 687 2820 si
710 2762 784 2820 scire
807 2762 948 2835 licuisset,
970 2761 1024 2819 ubi
1048 2763 1114 2822 fru-

91 2852 226 2908 mentum
257 2849 451 2925 vendidisses,
482 2851 541 2926 ipsi
572 2852 755 2925 petissemus.
806 2852 840 2908 tu
872 2851 993 2908 interim
1025 2853 1113 2914 sinus

92 2939 183 2997 maris
202 2938 317 3013 circuis,
340 2939 439 2997 nullus
459 2957 599 2998 amoenus
617 2940 869 3016 praetermittitur
886 2940 1000 3014 portus,
1023 2943 1114 3002 nulla
1126 2963 1152 3004 so

92 3025 214 3085 celebris
243 3028 349 3087 civitas
376 3028 533 3086 invisitata
559 3030 712 3088 transitu.
759 3029 942 3087 frumentum
971 3031 1114 3091 nostrum
1196 3044 1199 3053 '

91 3116 208 3189 vendis,
235 3119 325 3174 immo
349 3116 477 3176 salutem
498 3121 633 3176 nostram
655 3116 785 3194 exponis.
837 3118 1021 3176 frumentum
1049 3139 1114 3180 non

91 3205 248 3282 naufragio
271 3205 435 3281 perdimus,
460 3224 520 3264 non
543 3206 713 3280 latrocinio,
742 3206 824 3265 lucro
847 3205 986 3281 perimus.
1033 3210 1113 3268 tem·

91 3297 191 3370 pastas
215 3312 331 3369 quoque
360 3296 492 3369 aliquam
519 3314 626 3354 navem
650 3297 683 3355 in
710 3314 810 3354 meum
837 3295 909 3353 litus
932 3297 1114 3376 impingerit
1206 3340 1210 3355 ,

91 3385 122 3440 et
152 3401 186 3440 ex
216 3383 307 3442 classe
334 3402 490 3442 numerosa
518 3402 618 3443 omnes
652 3385 758 3443 fluctus
789 3384 980 3443 exhausisset.
1028 3389 1151 3463 peritas
1204 3378 1210 3457 l

163 3576 178 3624 6
197 3572 279 3639 putet
296 3579 329 3623 Μ
398 3576 432 3624 36
451 3569 558 3624 fructus
577 3580 610 3624 Μ
1206 3522 1210 3565 Ι
