2430 3952
497 204 711 259 PRAEFATIO.
1008 212 1010 216 ’
1026 207 1116 261 XXIII

94 373 259 450 excipiunt:
286 373 327 432 Π.
346 374 429 432 vin.
451 375 502 433 rx.
526 375 561 432 x.
584 374 635 432 xr.
658 374 682 433 Ι.
705 375 800 434 xvir.
821 375 901 434 xrs.
925 376 988 434 xv.
1008 357 1116 435 var.

94 463 147 523 IV.
161 463 217 523 IH.
232 462 300 523 VH.
314 463 381 522 XII
400 463 482 522 XIII.
501 463 581 522 XVI.
595 463 690 522 XVII.
709 464 820 522 XVIII.
839 465 917 523 XIX.
936 465 960 524 I
1002 469 1117 541 quanta

93 556 197 612 autem
220 552 355 612 socordIa
373 552 488 611 librarii
512 573 575 611 rem
596 553 719 630 egerint,
744 555 856 629 optIme
875 572 910 612 eo
928 553 1117 632 intellegitur

96 641 176 718 quod
203 644 237 700 in
259 641 346 700 XVII
369 644 399 701 et
421 642 437 701 I
459 642 631 718 saepissime
661 645 759 701 textus
791 643 868 702 alter
898 643 1048 719 discrepat
1077 643 1115 702 ab

95 732 200 791 altero.
242 731 273 788 in
296 733 408 808 pagiua
425 731 534 790 ultima
555 750 661 791 manus
682 733 795 791 saeculi
812 731 868 789 XV
891 732 1020 792 addidit:
1043 734 1116 792 liber

93 822 340 880 declamationum
361 820 391 881 S.
410 821 540 880 Martini
562 839 624 880 cuo
645 821 807 880 Iumiooloc.

163 909 324 984 Exemplar
346 909 425 968 unde
453 909 510 968 duo
537 910 585 968 illi
607 909 678 969 libri
707 909 848 986 descripti
872 912 954 986 sunt,
981 911 1117 970 manavit

94 1018 131 1058 ex
144 998 210 1074 ipso
226 999 397 1073 exemplari,
411 999 488 1058 unde
503 999 732 1077 Bambergensis
747 1000 912 1075 descriptus
933 1002 986 1059 est.
1024 1019 1116 1076 quam

93 1087 133 1147 ob
156 1107 220 1147 rem
242 1087 322 1146 hand
344 1086 492 1147 medmore
516 1089 700 1147 lucraremur
730 1089 875 1148 auxilium
897 1089 936 1147 ad
958 1089 1116 1148 restituen-

95 1178 166 1235 dam
189 1177 441 1236 declamationum
459 1179 619 1253 pristinam
642 1180 778 1253 formam,
801 1178 860 1237 nisi
882 1178 1026 1237 collatum
1048 1197 1116 1237 oum

95 1267 262 1341 exemplari
290 1266 423 1325 familiae
453 1290 472 1346 γ
501 1267 612 1326 multas
645 1268 788 1327 lectiones
817 1268 886 1326 inde
918 1260 1115 1347 recepisset.¹)

95 1374 173 1430 quae
196 1373 264 1413 oum
286 1356 330 1413 ita
353 1355 426 1430 sint,
456 1375 493 1414 ea
515 1375 582 1431 spes
606 1375 659 1415 nos
682 1357 804 1431 fefellit,
829 1359 859 1416 et
883 1358 1048 1416 auctoritas
1071 1358 1116 1415 fa-

96 1444 197 1502 miliae
226 1444 243 1503 d
271 1445 313 1502 eis
342 1440 478 1505 terminis
508 1446 707 1521 concluditur,
742 1449 778 1505 ut
807 1446 845 1504 ad
875 1446 1116 1522 investigandam

96 1535 244 1592 rationem
262 1537 459 1610 naturamque
483 1534 639 1611 archetypi
663 1535 796 1594 familiae
816 1559 835 1594 α
854 1554 914 1594 non
932 1535 1048 1595 Inutilis
1068 1535 1115 1594 sn.

165 1621 418 1691 Quemadmodum
428 1625 528 1682 autem
538 1625 652 1684 codIoes
663 1624 716 1684 alii
726 1645 761 1683 ex
773 1625 841 1684 aIiIs
852 1624 1047 1700 dependeant,
1060 1624 1116 1683 hac

96 1713 265 1771 illustretur
286 1710 403 1770 tabula:

522 1793 691 1863 archetypus

176 3578 201 3644 1)
221 3574 255 3628 of.
276 3574 458 3640 Dessauer‚
478 3591 505 3642 p.
521 3576 563 3625 37.
