2430 3952
92 213 156 268 XIV
494 212 709 268 PRAEFATIO.

92 401 158 441 mus
179 375 302 455 feliciter
331 384 439 458 inopit
482 383 573 443 codex
595 383 675 442 haud
703 402 771 442 raro
799 401 915 442 summa
942 402 1009 441 cum
1032 382 1110 440 diffi-

92 472 204 530 cultate
231 472 351 551 legitur.
392 473 521 548 scriptus
549 475 594 532 est
622 473 699 531 enim
727 473 837 532 litteris
867 473 1041 531 minusculis
1064 475 1109 530 in-

92 561 212 621 clinatis
235 562 367 621 interae
390 561 554 638 implicitis,
577 563 734 637 permultis
753 561 895 621 adhibitis
919 561 1109 637 compendiis,

90 650 242 709 interdum
264 669 323 710 non
347 653 428 709 certa
451 651 566 710 ratione
585 651 741 710 solvendis.
782 651 922 710 librarius
945 652 1009 725 ipse
1033 670 1109 725 quae

91 740 212 815 scripsit
228 759 263 798 ex
281 741 347 816 ipso
366 739 529 815 exemplari
547 740 724 799 emendavit.
761 741 793 799 in
814 741 912 816 priore
930 739 1001 798 libri
1023 743 1109 816 parte

91 847 126 887 ex
141 829 235 888 altero
251 830 412 904 exemplari
428 830 541 889 nullius
555 830 645 904 pretii
664 831 812 888 corrector
830 830 965 904 aequalis
983 830 1032 888 hic
1045 830 1110 889 illic

90 917 232 976 lectiones
251 919 462 994 suprascripsit
479 921 720 994 correcturasque
738 919 864 978 induxit.
901 919 1109 978 adnotationes

92 1006 238 1082 quaedam
262 1008 373 1067 saeculi
396 1007 527 1067 eiusdem
546 1006 601 1065 XV
623 1008 728 1082 primis
751 1007 831 1067 foliis
852 1009 1000 1084 leguntur.
1042 1008 1110 1066 folii

90 1097 181 1172 primi
213 1096 383 1170 dimidium,
419 1097 501 1155 tertii
537 1116 607 1171 pars
642 1096 772 1156 abscissa
804 1099 857 1156 est.
903 1099 934 1154 in
967 1097 1109 1156 interiore

90 1189 262 1263 tegumento
294 1186 437 1263 leguntur
463 1186 549 1244 haec:
581 1186 631 1245 Ec
659 1186 773 1261 collepio
800 1186 933 1261 mapistrc'
964 1186 1109 1246 01111911.

2 1339 3 1343 ,
90 1275 138 1334 De
160 1275 235 1333 dono
257 1277 390 1348 mopislri
412 1275 566 1349 Radulplli
588 1275 624 1333 de
650 1277 819 1349 moolftquet
845 1277 992 1348 qaudam
1014 1278 1110 1335 9911119

91 1365 219 1422 1111191119
240 1364 329 1422 huius
350 1365 526 1425 uenerabilis
548 1365 666 1439 colleyic'.

159 1451 279 1512 Codices
304 1471 404 1513 omnes
435 1473 509 1530 quos
539 1453 636 1513 adhuc
666 1456 917 1527 enumeravimus,
947 1474 982 1513 ex
1005 1455 1108 1514 eodem

90 1543 253 1619 archetypo
277 1542 452 1603 descendere
474 1543 626 1618 frequenti
649 1546 679 1601 et
700 1546 732 1601 in
753 1542 890 1602 maximis
914 1543 998 1601 etin
1021 1544 1109 1601 mini-

88 1634 146 1690 mis
164 1631 253 1691 rebus
272 1631 468 1692 similitudine
488 1633 643 1690 evincitur.
686 1632 843 1691 discedunt
863 1635 963 1690 autem
981 1632 1013 1690 in
1033 1632 1108 1691 duas

89 1719 220 1779 familias
243 1722 301 1794 ita,
324 1724 359 1779 ut
381 1725 484 1780 BVM
508 1740 581 1796 quos
608 1721 694 1799 signo
718 1744 737 1780 α
760 1722 953 1796 complector,
981 1741 1016 1781 ex
1039 1741 1106 1795 uno,

89 1814 144 1869 Ps
167 1827 241 1885 quos
264 1809 284 1888 β
309 1810 489 1888 significavi,
520 1830 554 1868 ex
582 1811 677 1869 altero
705 1811 866 1886 exemplari
894 1811 1046 1884 fluxerint,
1063 1810 1107 1868 id

90 1899 169 1973 quod
198 1918 258 1957 non
288 1899 384 1958 solum
415 1899 531 1960 diverso
562 1898 813 1959 declamationum
842 1900 945 1959 ordine
977 1902 1008 1959 et
1039 1900 1107 1959 sub-

88 1988 249 2063 scriptione
267 1991 337 2063 post
354 1989 601 2047 declamationem
618 1988 691 2046 Xin
704 1989 724 2068 β
738 1990 833 2049 solum
852 1991 970 2048 servata
988 1990 1109 2049 demon·

89 2080 211 2151 stratur,
235 2077 285 2136 sed
309 2079 400 2136 etiam
423 2096 467 2152 eo,
493 2078 572 2153 quod
595 2079 736 2137 lectiones
760 2081 791 2136 et
812 2080 937 2137 lacunae
961 2079 1107 2154 quaedam

88 2168 244 2241 utriusque
267 2167 401 2226 familiae
425 2170 563 2243 propriae
586 2169 663 2226 sunt.

155 2254 245 2314 Haud
267 2258 371 2331 paucis
394 2257 474 2316 enim
490 2256 574 2316 'locis
602 2257 759 2316 collocatio
787 2255 946 2315 verborum
974 2257 1107 2316 familiae

88 2344 108 2422 β
131 2345 269 2404 dissentit
297 2345 334 2404 ab
358 2368 385 2404 α.
428 2347 562 2405 conferas
590 2364 614 2403 e.
638 2366 665 2424 g.
689 2367 717 2422 p.
739 2350 789 2420 11,
815 2348 843 2405 6.
865 2347 915 2420 13,
933 2348 985 2404 17.
1007 2348 1058 2421 18,
1079 2350 1106 2405 9.

89 2435 140 2505 27,
162 2436 211 2493 14.
232 2437 283 2509 27,
303 2437 353 2493 22.
374 2436 425 2508 28,
440 2437 491 2493 24.
513 2437 563 2509 29,
583 2437 611 2493 4.
632 2437 726 2509 40,1.
748 2437 799 2510 52,
819 2437 847 2493 6.
869 2437 918 2509 72,
939 2436 989 2494 26.
1011 2435 1061 2510 78,
1077 2438 1106 2494 4.

90 2525 140 2596 95,
160 2524 178 2580 6
210 2525 283 2598 168,
304 2526 353 2582 10.
375 2527 447 2598 191,
468 2525 517 2583 13.
538 2526 612 2598 236,
633 2526 682 2582 15.
703 2526 777 2598 267,
793 2525 842 2583 23.
864 2527 937 2600 306,
964 2528 1011 2584 11.
1033 2527 1106 2599 312,

90 2614 140 2670 13.
161 2613 235 2687 327,
251 2616 280 2672 5.
301 2615 374 2687 330,
391 2615 440 2671 15.
457 2609 530 2688 331,
547 2616 596 2672 11.
617 2615 757 2688 342,14.
774 2615 847 2688 346,
862 2617 891 2672 4.
933 2633 1007 2689 quos
1025 2615 1106 2674 locos

88 2703 283 2777 perlustranti
300 2702 517 2761 concedendum
536 2706 582 2762 est
599 2703 733 2762 ordinem
752 2703 909 2763 verborum
928 2703 1106 2779 quibusdam

88 2791 161 2850 locis
187 2792 220 2849 in
247 2793 353 2850 neutra
383 2792 501 2851 familia
529 2792 705 2868 reprehendi
727 2812 826 2868 posse,
856 2812 924 2852 raro
954 2795 1105 2868 praestare

86 2881 245 2939 lectionem
279 2881 412 2939 familiae
440 2880 472 2959 β,
500 2885 535 2940 ut
559 2884 614 2953 52,
640 2882 673 2956 6,
698 2884 775 2958 267,
801 2884 851 2960 23,
879 2900 967 2957 saepe
996 2904 1015 2940 α
1046 2902 1106 2941 non

87 2970 185 3028 minus
200 2969 279 3044 quod
299 2970 408 3028 attinet
427 2971 464 3028 ad
482 2971 563 3047 leges
577 2972 787 3048 grammaticas
794 2962 819 3052 1)
835 2991 925 3047 quam
944 2973 970 3030 si
982 2972 1105 3047 respicis

88 3050 277 3139 clausulasl)

154 3147 290 3222 Utraque
317 3147 434 3207 familia
465 3150 580 3208 lacunis
608 3150 685 3224 hiat3
717 3150 802 3208 velut
834 3151 993 3225 quaedam,
1024 3150 1104 3208 haud

87 3255 154 3295 raro
183 3256 275 3293 unum
302 3238 421 3295 tantum
449 3238 585 3312 verbum,
613 3239 819 3298 desiderantur
845 3241 877 3296 in
905 3263 924 3297 α
949 3261 977 3315 p.
1002 3241 1104 3314 42,1.

89 3328 143 3400 90,
170 3327 318 3400 25125,
344 3328 393 3385 21.
425 3328 501 3404 133,
528 3330 576 3386 17.
607 3329 682 3401 153,
711 3330 760 3384 17.
791 3330 867 3404 158,
895 3331 944 3386 12.
974 3330 1050 3404 250,
1077 3332 1103 3388 9.

159 3517 185 3583 1)
205 3513 240 3568 of.
255 3520 298 3581 11,
314 3521 339 3568 4.
354 3519 397 3582 91,
413 3521 436 3569 e.
454 3519 514 3582 191,
531 3520 570 3567 1a,

156 3588 184 3652 1)
203 3586 237 3640 of,
254 3592 296 3654 rs,
308 3591 332 3640 9.
349 3591 443 3653 1111.
460 3592 849 3654 11,11.19,4.49,1,111,1.
866 3590 1104 3654 9911199111.
