2430 3952
128 186 191 250 162
436 185 566 240 GEMINI
583 181 826 240 LANGVENTES

127 357 226 415 dicum
253 355 404 414 occiditur.
451 355 547 428 adice,
576 355 655 430 quod
682 373 735 414 nec
762 356 942 430 deprehendi
969 375 1005 414 ex
1032 358 1138 416 sanato

73 446 112 504 18
126 447 226 522 potest
248 445 338 504 ullius
357 463 446 504 eausa
468 443 628 521 languoris.
667 444 808 519 quicquid
830 463 884 504 nos
907 444 939 502 in
962 446 1038 504 vitia
1059 465 1137 504 mor-

126 535 231 593 borum
255 553 273 592 a
296 535 427 592 naturali
450 533 578 592 sanitate
601 535 772 607 commutat,
795 535 941 593 facit'aut
962 535 1049 592 nimii
1071 553 1137 594 aan-

127 626 225 702 guinis
252 623 368 698 pondus
392 624 566 681 exaestuans
589 625 642 680 aut
669 623 850 698 superfluens
873 624 955 682 calor
977 626 1031 681 aut
1057 624 1139 682 ultra

126 714 294 772 naturalem
311 712 432 770 modum
449 712 556 770 humor
574 711 724 770 exundans
744 714 796 770 aut
818 711 941 787 spiritus
958 731 1012 788 per
1030 713 1137 772 tacitos
1166 735 1178 774 s

126 804 241 861 meatus
273 820 333 861 non
366 802 455 860 solita
486 801 610 858 laxitate
642 800 817 859 discurrens.
863 800 935 876 quid
963 802 1082 876 horum,
1112 804 1139 860 si

126 893 232 950 vitalia
253 892 332 949 ferro
356 889 585 964 vulneribusque
607 891 784 963 resecentur,
811 891 927 949 salvum
953 893 1053 966 potest
1075 909 1138 950 esse

126 980 346 1058 languentibus,
369 998 436 1036 cum
455 979 614 1053 compressi
632 980 753 1054 spiritus
776 979 909 1038 laborem
931 981 1067 1054 protinus
1086 981 1138 1038 ille

126 1070 250 1129 reserati
272 1067 399 1144 pectoris
418 1069 533 1125 meatus
552 1069 679 1140 emittat,
703 1069 823 1145 sanguis
845 1068 940 1127 isdem
957 1071 1071 1143 pariter
1089 1069 1137 1126 de·

126 1157 327 1234 prehendatur
349 1156 578 1233 egrediaturque
600 1154 791 1215 vulneribus?
827 1176 867 1215 an
889 1158 935 1216 fas
957 1158 1081 1233 putatis,
1103 1160 1138 1215 ut
1153 1179 1179 1219 ro

127 1267 212 1307 suam
239 1248 358 1305 servent
380 1245 494 1305 viscera
521 1245 634 1304 nudata
660 1246 780 1320 faciem,
808 1249 843 1304 ut
869 1246 946 1304 nihil
971 1246 1079 1323 perdat
1103 1265 1139 1305 ex

126 1337 225 1411 priore
252 1338 360 1394 natura
386 1335 463 1392 illud
489 1336 618 1409 pectoris
645 1336 785 1409 vitaeque
810 1337 968 1409 secretum,
994 1354 1061 1394 oum
1087 1335 1136 1393 ad·

126 1427 209 1484 misit
237 1422 357 1484 oculos?
402 1423 564 1499 plurimum
586 1422 617 1481 in
640 1423 724 1483 nobis
749 1426 840 1482 etiam
862 1424 968 1482 timore
993 1426 1135 1483 mutatur.

128 1517 272 1590 quantum
309 1514 407 1572 aufert
444 1512 626 1587 sollicitudo,
659 1513 814 1590 gaudium,
851 1513 935 1571 dolor
966 1515 997 1571 et
1028 1515 1138 1588 aliquis

127 1603 241 1663 subitus
276 1600 431 1662 adfectus?
480 1603 629 1676 quotiens,
660 1602 730 1660 dum
764 1601 802 1659 ad
839 1603 1022 1661 curationem
1052 1622 1178 1677 prae-15

127 1695 251 1769 paratur
279 1712 377 1769 aeger,
405 1691 477 1749 dum
504 1692 691 1765 componitur
718 1691 757 1748 ad
783 1709 838 1750 sna
863 1691 995 1750 remedia
1024 1710 1138 1768 corpus,

126 1783 309 1841 medentium
331 1799 437 1840 manus
461 1780 561 1839 anima
584 1778 741 1839 destituit?
766 1781 837 1848 ,iam
860 1800 929 1839 vcro
949 1780 987 1838 ad
1005 1781 1139 1858 singulos

126 1871 203 1929 ictus
227 1873 256 1929 et
279 1870 467 1946 longissimas
485 1869 643 1927 vulnerum
664 1887 763 1928 moras
782 1872 928 1944 quantum
946 1889 981 1928 ex
999 1871 1063 1928 toto
1085 1870 1137 1928 ho·

127 1962 206 2018 mine
243 1960 426 2018 convertitur
462 1960 603 2031 clamore,
640 1956 773 2034 gemitu?
818 1977 936 2017 necesse
967 1961 1011 2017 est
1042 1959 1137 2017 omnis

127 2051 224 2124 perire
253 2047 359 2122 quibus
387 2049 556 2106 continetur
581 2047 657 2121 vita,
685 2065 788 2106 causas
818 2049 953 2122 quotiens
980 2049 1047 2122 ipsa
1073 2049 1138 2105 vita
1152 2069 1179 2108 ao

128 2139 319 2211 consumitur,
347 2139 376 2195 et
404 2154 470 2194 cum
496 2137 615 2195 homine
639 2137 691 2211 qui
718 2138 840 2212 propter
862 2137 1047 2195 intellectum
1073 2137 1137 2195 lan·

129 2227 229 2304 guoris
257 2225 408 2299 occiditur,
436 2226 499 2300 ipse
523 2244 639 2300 quoque
665 2226 814 2301 paulatim
837 2226 963 2303 languor
987 2227 1137 2285 emoritur.

129 2315 214 2374 differ
236 2315 351 2389 saltem,
373 2316 468 2389 pater,
492 2315 569 2373 hanc
592 2315 806 2373 crudelitatem.
853 2315 995 2389 quicquid
1018 2333 1052 2373 ex
1074 2314 1137 2373 filio

128 2406 215 2479 facis,
242 2405 333 2462 facies
362 2422 396 2461 ex
424 2404 573 2462 cadavere.
620 2405 645 2463 si
674 2406 773 2479 potest
801 2404 979 2479 deprehendi
1003 2404 1139 2481 languor,

129 2494 199 2553 dum
223 2493 339 2567 oceidit,
362 2492 490 2566 facilius,
513 2511 580 2551 oum
603 2493 751 2552 occiderit.
1153 2512 1179 2552 aa

195 2583 383 2660 Interrogare
409 2582 589 2640 mehercules
612 2583 668 2640 hoc
695 2583 759 2640 loco
782 2580 868 2655 libet,
896 2584 1034 2640 utrumne
1060 2583 1139 2656 peri-

127 2675 229 2731 turum
255 2675 342 2747 pater
365 2691 403 2730 an
431 2671 561 2730 medicus
585 2669 729 2748 elegerit?
772 2671 895 2748 negavit
918 2689 971 2730 sua
997 2671 1140 2731 interesse

129 2781 217 2835 quem
235 2761 388 2820 occideret.
425 2760 489 2835 hoo,
508 2761 534 2819 si
548 2762 577 2818 et
591 2761 668 2818 alter
680 2761 814 2835 perisset,
828 2760 1007 2835 probaverat
1025 2761 1139 2818 utrum·

201 3008 214 3055 1
238 3005 332 3071 potest
350 3017 384 3054 ex
403 3002 501 3054 sanato
520 3010 549 3066 V,
573 3016 607 3053 ex
625 3017 680 3054 non
699 3002 797 3054 sanato
815 3001 910 3070 potest
930 3013 945 3052 s
1023 3005 1039 3051 2
1058 3003 1139 3068 potes

127 3083 156 3127 Β
216 3073 314 3126 ullius:
333 3072 415 3126 unius
435 3084 455 3124 o
519 3072 762 3125 3committat1’
826 3071 940 3140 sanguis
959 3080 1001 3137 M,
1025 3087 1093 3125 corr.
1108 3093 1141 3124 m

129 3143 367 3218 9pectttoris11
418 3144 494 3197 idem
513 3155 533 3195 o
593 3148 624 3195 13
644 3145 673 3196 et
691 3153 724 3210 Ρ,
743 3160 810 3198 corr.
823 3165 845 3204 ρ
898 3143 1017 3212 timore}
1035 3145 1073 3213 (m
1092 3145 1141 3212 er.)

133 3226 154 3269 V
220 3215 350 3269 mittatur
368 3225 395 3267 Ρ
466 3220 499 3268 14
518 3213 610 3268 aufert
632 3224 661 3268 V:
681 3213 762 3268 offert
780 3223 837 3281 Βσς
856 3212 938 3268 affert
956 3223 1002 3278 Ββ
1072 3214 1140 3268 soli-

129 3286 197 3341 tudo
216 3297 246 3353 J,
264 3300 358 3342 corne
423 3291 455 3339 15
476 3284 590 3340 effectus
609 3295 647 3352 Β,
667 3302 734 3340 corr.
749 3308 781 3338 m
849 3291 881 3338 19
901 3300 997 3339 omnes
1020 3294 1089 3338 Vm

129 3364 163 3412 20
187 3375 267 3412 casus
287 3367 319 3411 M
388 3363 421 3411 23
446 3356 545 3427 differ}
566 3366 587 3409 V
655 3373 689 3410 ex
707 3356 764 3411 fflio
789 3374 838 3411 om.
858 3366 879 3409 V
947 3361 980 3410 25
1004 3355 1141 3410 occiderit

129 3429 171 3485 bis
188 3439 216 3483 Β
286 3434 320 3483 26
343 3429 510 3498 periturum:
529 3427 685 3497 periculum
705 3437 737 3480 M
805 3433 838 3481 27
862 3428 988 3497 negavit:
1011 3427 1142 3496 nequivit

128 3513 153 3554 J
222 3517 272 3554 sua
290 3518 339 3556 cm.
355 3510 383 3554 Β
453 3500 598 3554 interesse:
618 3499 692 3552 inter
709 3516 761 3554 om.
776 3509 817 3566 M,
839 3517 915 3568 supr.
929 3520 961 3551 u·
1041 3503 1074 3553 28
1094 3515 1141 3554 oc-

130 3573 200 3627 cidis
219 3583 252 3640 P,
271 3590 338 3627 corr.
351 3595 373 3634 ρ
902 3593 905 3602 ·
