2430 3952
151 213 194 276 60
459 211 641 266 TRIBVNVS
660 211 850 266 MARIANVS

150 400 224 456 qnae
245 385 402 456 postquam
424 382 540 441 condita
561 383 652 455 faerit
674 386 700 440 et
716 382 850 454 prolata,
876 382 910 440 de
933 383 1055 457 amans
1081 387 1109 442 et
1133 384 1171 442 de

151 473 248 530 censis
275 475 316 530 est
338 472 372 530 de
395 475 483 531 cetero
505 471 665 529 secandam
691 471 776 529 illmn
797 471 1002 530 aniomsaliter
1026 472 1170 532 indicam

151 561 229 618 dnm.
266 578 300 619 ea
316 564 438 633 propter
459 561 486 618 si
509 560 630 619 diarittis
651 562 784 632 impiam,
806 562 833 618 si
850 560 998 619 scelestam
1015 577 1078 618 nan
1095 579 1171 634 per-

151 651 232 718 emtis,
250 651 277 707 si
295 653 383 722 capnt
399 651 519 707 noaimn
537 665 596 706 non
614 648 796 717 condemnas,
819 649 907 723 lepem
926 649 1054 722 dissipas
1074 668 1170 723 qnam

150 741 280 806 senatos,
308 756 396 812 qaam
418 738 515 796 Roma
538 737 666 796 condidit
687 741 826 797 nnioersa
849 742 875 797 et
896 743 993 797 tamen
1014 740 1058 797 ita
1082 740 1170 798 calli
1195 760 1204 799 ⁵

151 828 288 886 dissimms
316 831 396 886 actor
422 828 581 884 orationem
607 843 693 884 snam
720 827 869 886 ordinavit
895 831 921 886 et
947 830 1048 894 teamt,
1077 832 1112 886 at
1143 834 1171 888 et

150 917 252 975 militis
274 917 469 974 innocentiam
487 916 638 988 praedicet
659 920 685 974 et
706 918 849 984 oirtntem,
872 921 898 975 et
915 917 1052 976 obscenae
1071 918 1169 976 tribn-

150 1024 222 1064 nnm
250 1005 450 1078 impndioitiae
479 1006 648 1063 criminetnr
675 1008 701 1064 et
727 1009 845 1079 arpnat,
872 1009 917 1073 at,
944 1005 1015 1064 dmn
1044 1006 1170 1065 camno

150 1095 242 1153 scelns
266 1094 419 1161 occnltnm,
446 1094 511 1152 licet
531 1094 631 1164 fictam
655 1097 681 1151 et
704 1094 814 1167 falsam
842 1095 986 1163 obiecerit,
1013 1096 1170 1155 homicidii

151 1184 300 1256 manifesti
327 1182 443 1255 cnlpam
464 1182 639 1255 plectibilem
660 1185 722 1255 ipse
743 1201 800 1256 per
821 1185 942 1256 impacti
965 1187 1065 1242 reatns
1088 1186 1206 1245 mcvi-10

152 1272 233 1330 diam
256 1275 308 1329 ant
330 1275 440 1330 encmset
463 1275 515 1330 ant
536 1271 633 1330 leniat.

116 1362 134 1416 8
219 1360 335 1430 Patere,
365 1359 424 1419 Gai
447 1361 545 1428 Mari,
574 1363 711 1433 patiatar
740 1365 766 1420 et
794 1365 846 1419 tna
875 1362 978 1420 dioirm
1008 1363 1105 1420 cirtam
1144 1367 1172 1422 et

151 1450 303 1510 Romanae
334 1453 426 1509 tecam
454 1449 577 1508 militiae
602 1452 659 1523 pia
687 1451 832 1519 discretio,
858 1453 1004 1523 patiatm,
1030 1452 1170 1524 mamam,

151 1541 315 1599 necessaria
338 1541 497 1597 commanis
521 1555 627 1597 consae
643 1539 814 1613 proloquia,
840 1557 877 1598 ne
898 1544 1018 1613 praeter
1040 1540 1170 1600 andien-

151 1631 223 1687 tiam
250 1630 372 1687 anniam
399 1632 542 1686 oratorem
563 1629 800 1702 praestrmrpalet
827 1633 853 1686 et
878 1630 991 1700 conficti
1019 1630 1171 1702 facinoris
1184 1649 1206 1690 a

146 1735 259 1790 procae
277 1718 400 1785 invidia,
422 1721 448 1775 et
465 1717 622 1776 cadidatis
640 1719 734 1776 saneti
747 1735 830 1790 para
849 1717 969 1776 dilectio.
1001 1719 1067 1790 qais
1087 1721 1169 1778 enim

152 1807 291 1865 adoersns
320 1808 479 1865 castitatem
507 1805 614 1864 andeat
641 1806 811 1878 disputare?
855 1808 920 1880 qam
942 1807 1108 1879 padicitiae
1133 1810 1171 1867 ti·

151 1896 220 1953 talis
252 1896 369 1954 ebriare
399 1911 459 1952 non
490 1895 608 1952 timeat?
654 1898 788 1962 ceteram,
820 1898 885 1968 qais
915 1897 949 1954 in
975 1896 1070 1962 media
1098 1897 1171 1956 belli

151 1986 285 2056 strepitn,
308 1985 373 2057 amis
395 1985 429 2042 in
451 1985 526 2050 acie,
549 1985 614 2056 qais
637 1986 703 2042 ante
725 1985 823 2057 sipna,
849 1986 914 2057 amis
936 1986 1012 2043 inter
1034 1991 1170 2045 armatas

152 2076 300 2131 armatam
323 2073 431 2131 aadeat
453 2072 622 2145 appellare?
657 2076 796 2140 scrntare,
819 2090 835 2131 o
858 2073 952 2141 Mari,
975 2074 1035 2131 dna
1057 2074 1208 2148 aliquem

152 2165 298 2221 terraram
315 2163 414 2235 famae
432 2161 600 2229 laudabilis,
615 2165 641 2219 et
658 2179 693 2220 ne
706 2163 808 2235 pipeat
819 2164 988 2220 imioersnm
1010 2165 1171 2222 exercitam

151 2252 333 2324 inoestipare,
356 2253 383 2309 si
405 2250 508 2308 caleat.
546 2252 610 2323 qm‘s
634 2251 670 2309 ab
694 2250 812 2309 olitanis
835 2268 966 2323 monam
988 2253 1170 2324 componam

153 2339 192 2398 ad
215 2341 266 2398 lios
294 2340 355 2398 dies
380 2339 480 2413 plodio
508 2341 632 2398 cinctam
653 2344 791 2412 prostare
817 2340 1021 2398 mandaverit?
1065 2343 1094 2400 si
1122 2360 1170 2401 re·

152 2429 281 2488 cordatio
298 2445 416 2487 sensnm
435 2430 575 2502 effaperit,
593 2430 620 2487 si
632 2429 870 2502 praecedentiam
884 2429 920 2486 ab
935 2430 1046 2502 oripine
1059 2431 1170 2491 mmm

152 2535 211 2576 non
238 2519 415 2576 occmrerint
441 2518 571 2590 exempla
596 2518 791 2586 saeculoram,
818 2519 918 2588 nciam
939 2534 1045 2591 precor
1069 2523 1206 2581 omnism

153 2609 261 2666 crimen
293 2608 435 2679 opnoscite
471 2606 547 2679 qnod
578 2607 694 2665 tribano
728 2603 968 2665 mendacissimas
995 2608 1170 2679 prolocutor

153 2697 260 2755 obiecit.
297 2697 362 2768 pais
380 2697 457 2754 enim
474 2697 550 2754 inter
568 2700 607 2753 tot
619 2696 704 2754 milia
718 2696 887 2754 bellatorum
904 2696 949 2754 cel
962 2697 1169 2768 prostitnentis

154 2785 286 2844 obscenos
313 2784 387 2843 aldit
413 2785 563 2857 ampleans
592 2785 637 2843 oel
664 2801 760 2843 cocem
790 2785 886 2843 aadiit
908 2787 1068 2857 prostitati.
1113 2788 1169 2846 sed

154 2873 266 2932 attende
283 2889 397 2946 precor,
419 2874 577 2946 imperator
598 2875 787 2942 sanctissime,
813 2873 942 2932 attendat
964 2878 989 2932 et
1010 2874 1169 2936 Romanae

225 3043 594 3113 2iudioandu{(ser.)a1
675 3042 839 3096 4noxiu1n:
863 3043 989 3096 noctium
1007 3049 1041 3096 N
1107 3060 1168 3098 non

154 3124 254 3182 cmm,
272 3132 393 3183 sapam
448 3115 515 3167 cut
528 3116 568 3167 et:
589 3115 618 3167 et
636 3130 685 3168 om.
697 3123 734 3180 Μ,
752 3132 886 3183 smpr.m;
904 3115 937 3166 ut
950 3116 1031 3167 utN
1075 3116 1168 3168 Scri-

153 3185 286 3238 minetur:
306 3185 421 3238 crimine
435 3185 478 3238 tui
493 3192 525 3237 N
570 3184 751 3238 9obiecitN
798 3190 831 3238 10
849 3186 922 3255 ipse:
942 3188 971 3239 et
987 3195 1008 3238 θ
1047 3201 1167 3253 peram.

154 3299 217 3344 MN
285 3297 316 3344 13
335 3292 490 3345 Romanae:
509 3290 618 3345 ratione
633 3299 666 3344 N
734 3296 765 3344 16
786 3273 883 3345 attilio
904 3294 928 3361 (e
947 3295 979 3346 in
995 3293 1060 3360 ras.)
1081 3301 1113 3345 Μ

156 3369 187 3416 17
211 3362 324 3431 pudicic
344 3370 377 3415 N
457 3368 489 3416 18
513 3362 625 3416 obviare
644 3370 678 3415 N
757 3363 994 3433 quis—strepitu
1017 3380 1067 3418 om.
1089 3373 1110 3415 o

155 3457 188 3504 20
208 3453 344 3505 structore
359 3460 395 3517 Μ,
416 3437 538 3506 stratico
553 3458 587 3504 N
636 3457 668 3504 22
688 3450 807 3505 alitatiis
822 3459 856 3505 N
905 3457 937 3505 23
956 3453 1121 3522 ρτοεῒξαξτθ
1137 3465 1172 3508 Ν

155 3529 187 3575 25
208 3522 377 3577 occurrerint
391 3540 424 3576 en
437 3527 500 3576 -unt
515 3531 547 3575 M
598 3528 631 3575 26
652 3523 795 3592 agnoscite
812 3524 887 3579 Oia:
906 3523 1044 3593 ignoscite
1061 3525 1170 3581 codices

155 3599 187 3647 27
208 3595 282 3664 quis:
303 3597 370 3662 quti
386 3601 418 3646 N
486 3599 518 3647 29
539 3593 726 3648 sanctissime:
749 3595 873 3648 ocissime
894 3606 915 3647 θ
