2430 3952
378 204 683 260 DEOLAMATIONES
701 205 733 259 V.
753 205 799 260 Vl.
1031 205 1097 271 363

84 375 217 450 pararit,
245 376 292 448 ut,
320 375 462 449 quoniam
488 373 610 434 reddere
637 376 729 433 matri
757 393 817 433 11111
844 375 963 450 poterat
991 375 1100 448 oculos,

84 463 221 522 redderet
247 464 344 521 virum
368 463 460 523 1111111
483 465 639 537 1111111111;
662 465 707 538 te,
735 481 803 522 cum
828 462 975 539 proficisci
1001 459 1101 538 veliet,

85 552 303 611 commendavit
326 553 442 627 amicis,
471 553 623 627 profectus
653 554 699 612 est
727 553 791 611 sele
818 553 977 612 comitatus
1000 553 1100 611 animo

84 659 139 700 nec
161 660 192 700 se
213 642 335 717 putavit
356 640 400 700 ire
423 640 486 700 sine
509 640 619 716 pretio,
648 642 783 716 quamvis
812 640 851 700 ad
871 642 986 717 piratas
1009 641 1101 700 ferret

57 730 187 790 sinanes
217 748 331 789 manus.
382 732 413 789 et
440 731 565 806 planum
597 732 643 790 est
676 729 769 806 qued,
800 748 866 788 cum
895 729 972 788 nihil
1001 748 1100 789 secum

84 819 184 892 ferret,
207 820 279 878 satis
301 818 358 877 tibi
383 819 465 878 demi
489 818 620 895 reliquit,
643 819 721 878 unde
747 820 963 878 sustentareris.
1003 819 1100 893 aliter,

84 908 209 967 sinihil
231 910 307 967 esset
329 906 422 982 domi,
453 907 530 966 unde
552 908 660 967 redimi
682 926 811 984 possem,
840 909 936 966 testor
958 907 1041 981 deos,
1064 906 1100 966 de

83 996 285 1072 redemptione
308 995 425 1056 litteras
452 1016 512 1056 11111
542 999 695 1056 misissem.
741 998 800 1056 fuit
823 1016 907 1074 ergo,
934 1015 952 1054 1
979 995 1101 1070 iudices,

84 1086 177 1160 domi,
204 1085 281 1144 unde
308 1085 415 1144 redimi
436 1104 566 1162 possem,
594 1086 645 1145 sed
672 1085 749 1144 illud
775 1087 874 1144 totum
902 1085 982 1145 filius
1010 1087 1101 1144 matri

42 1195 70 1234 11
83 1173 213 1250 reliquit.
254 1176 379 1251 navigat
401 1193 471 1252 ergo
493 1174 730 1251 per-horrendos
753 1174 860 1234 flnctus
882 1176 962 1232 inter
984 1174 1100 1250 piratas

84 1266 115 1322 et
137 1264 228 1322 maris
250 1263 392 1339 pericula.
434 1266 477 1339 et,
506 1265 542 1321 ut
569 1262 608 1322 ad
634 1265 750 1340 piratas
777 1265 926 1339 pervenit,
957 1263 1062 1322 exiluit
1085 1282 1100 1322 e

84 1354 155 1410 navi
183 1354 213 1410 et
234 1351 317 1410 flexis
345 1351 469 1430 genibus
496 1370 597 1411 coram
623 1353 730 1428 piratis
760 1354 790 1410 11
817 1351 891 1410 fusis
914 1352 1045 1411 lacrimis
1068 1371 1099 1411 se

83 1443 215 1516 pretium
238 1442 268 1498 et
290 1442 417 1500 vicarias
446 1460 552 1501 manus
575 1460 629 1516 pro
659 1461 707 1500 me
735 1444 822 1518 patre
852 1441 939 1499 effert
961 1440 1011 1500 eis.
1052 1441 1101 1500 illi

83 1530 212 1588 libenter
230 1531 389 1605 accipiunt,
412 1530 463 1588 sed
482 1548 536 1608 ego
554 1530 675 1589 invitus
718 1530 885 1607 allegabam
903 1531 983 1589 enim
1005 1531 1100 1589 vitam
1148 1600 1151 1610 Ι

43 1637 70 1678 15
84 1620 144 1677 mei
166 1618 286 1676 brevem
312 1618 375 1677 fere
399 1620 429 1677 et
456 1620 518 1678 iam
545 1637 692 1678 carcerem
719 1620 750 1677 et
772 1619 893 1677 vincula
919 1620 1099 1693 consuetum,

83 1707 135 1765 ille
160 1707 277 1766 dicebat
295 1725 363 1766 cum
381 1706 525 1766 lacrimis:
547 1710 644 1767 mater
663 1726 730 1766 mee
752 1709 783 1766 te
801 1708 920 1766 tantum
943 1707 1099 1783 desiderat,

85 1794 166 1870 quod
179 1797 240 1854 fere
255 1798 375 1855 caecata
389 1798 444 1871 est,
458 1800 488 1855 et
501 1797 578 1855 forte
593 1815 611 1855 a
624 1798 654 1855 te
671 1797 808 1855 veniente
822 1795 944 1854 videbit.
973 1815 990 1855 1
1006 1815 1098 1872 quan·

83 1887 149 1944 tum
170 1886 203 1943 in
229 1886 286 1944 hae
313 1885 508 1945 altereatione
534 1887 650 1945 iuvenis
677 1885 768 1945 flevit.
810 1887 836 1944 si
858 1903 1100 1962 perseverassem,

83 1974 157 2034 duos
180 1992 413 2035 excaecaveram.
458 1974 584 2034 hilarior
606 1993 676 2052 ergo
698 1974 810 2052 ligatus
840 1983 885 2033 est
907 1973 986 2034 filius
1010 1994 1100 2051 quam

42 2065 201 2123 resolutus
224 2065 317 2139 pater.
360 2083 426 2123 eum
448 2064 568 2134 recessi,
592 2063 648 2122 ait:
671 2065 799 2123 matrem
821 2083 919 2123 meam
941 2063 998 2122 tibi
1020 2081 1098 2124 com·

83 2151 203 2226 mend0,
225 2155 325 2229 pater,
348 2153 417 2213 fove
440 2171 518 2227 eam,
542 2154 605 2212 esto
629 2153 758 2212 vicarius
780 2172 872 2212 meus.
911 2155 941 2212 et
964 2172 1018 2231 ege
1042 2153 1100 2213 tibi

82 2241 259 2300 mandatum
287 2260 411 2320 perago:
441 2244 472 2301 te
495 2244 641 2317 sustento,
670 2244 762 2300 11111111
789 2241 868 2302 filius
896 2244 926 2300 te
949 2245 1099 2302 sustentat

83 2331 137 2405 qui
155 2330 235 2404 fecit,
257 2333 293 2389 ut
311 2331 444 2390 venirem
462 2333 493 2390 et
509 2335 541 2390 te
559 2332 764 2390 sustentarem.
806 2332 946 2405 emater‚
970 2333 1100 2391 amarior
1203 2393 1206 2397 ,

83 2419 168 2493 meri,
189 2418 246 2476 filii
268 2436 374 2496 corpus
396 2422 488 2479 matri
510 2421 607 2480 maria
628 2420 808 2493 retulerunt,
831 2422 928 2479 mater
950 2421 1034 2478 mari.
1082 2438 1099 2478 1

41 2528 68 2567 11
83 2525 170 2581 uxor,
201 2505 274 2583 quid
303 2509 410 2568 saltem
437 2528 492 2587 ege
522 2509 553 2567 in
582 2511 612 2568 11
636 2509 783 2568 commisit
824 2509 946 2585 gravius
976 2511 1021 2567 est
1044 2509 1100 2567 hec

83 2595 157 2654 mihi
186 2614 279 2671 quam
307 2597 419 2656 carceri
466 2597 538 2672 quid
570 2599 603 2656 in
633 2600 663 2657 11
694 2595 847 2656 commisi?
895 2616 949 2674 ego
979 2599 1009 2655 te
1039 2616 1099 2657 non

83 2684 239 2760 dereliqui.
286 2686 320 2742 tu
351 2688 452 2744 autem
481 2687 529 2744 vel
558 2706 605 2746 me
635 2686 830 2762 derelinquis,
859 2686 950 2744 11111111
980 2684 1099 2745 occidis.
1206 2700 1209 2706 ⁴

82 2792 237 2849 percussos
255 2773 375 2849 sepeliri
388 2774 519 2833 carnifex
531 2794 591 2835 11111
605 2777 705 2852 negat,
722 2777 758 2834 tu
776 2777 877 2833 autem
894 2773 997 2832 filium.
1037 2774 1100 2834 iam

83 2866 205 2940 stupens
228 2863 362 2938 loquitur
385 2863 492 2940 vulgus
516 2865 546 2922 et
569 2862 654 2923 dicit:
678 2864 750 2923 haec
768 2863 915 2922 mirabilis
938 2864 1047 2922 mulier
1069 2867 1099 2923 et

41 2973 69 3012 ae
84 2952 238 3029 stupenda.
279 2951 378 3010 virum
399 2951 507 3011 redimi
528 2953 626 3011 voluit
647 2972 702 3012 nec
719 2952 815 3011 filium
838 2951 964 3027 sepeliri.
1009 2971 1099 3029 prop·

83 3042 174 3115 terea,
193 3061 260 3101 cum
278 3043 325 3100 lex
344 3041 436 3101 dieat:
461 3043 513 3117 qui
529 3043 668 3117 parentes
686 3042 719 3101 111
737 3040 908 3101 calamitate
927 3041 1098 3117 deseruerit,

83 3127 248 3205 insepultus
268 3131 423 3205 abiciatur,
445 3149 513 3189 cum
536 3149 591 3208 ege
610 3148 704 3189 essem
726 3132 759 3189 in
782 3131 954 3189 calamitate
973 3133 1098 3192 carceris

84 3219 115 3276 et
137 3221 233 3278 mater
254 3221 287 3278 in
314 3220 486 3279 calamitate
516 3220 668 3280 caecitatis
697 3223 727 3278 et
749 3221 837 3298 longe
861 3219 1037 3279 distaremus
1061 3221 1097 3279 ab

82 3308 220 3382 invicem,
242 3307 320 3369 filius
343 3311 463 3385 utrique
486 3308 641 3370 subvenire
664 3311 867 3391 nonppoterat.
913 3309 940 3367 si
962 3327 1032 3387 ergo
1051 3311 1099 3368 lex

42 3395 138 3455 seille
161 3397 280 3456 1111111111
299 3399 390 3473 tenet
412 3399 482 3458 huic
499 3400 589 3458 miser
607 3397 779 3458 necessitati
796 3399 937 3473 1111111111,
959 3401 999 3457 ut
1017 3401 1098 3474 quic·

156 3583 350 3639 11e1iliitu
419 3590 452 3640 19
471 3584 649 3655 hylarium
718 3586 907 3641 1811111111
