2430 3952
127 200 193 267 382
406 197 597 258 EXOERPTA
614 198 859 258 MONACENSIA.

127 369 277 443 animalia,
301 367 465 428 sedetiam
488 369 527 426 ad
549 368 677 428 delicias.
724 367 836 427 animal
859 368 1091 431 subtilissimum
1115 376 1152 434 et

126 457 344 533 quodammodo
366 476 493 535 parvum
514 458 643 517 hominis
667 457 823 532 exemplar.

187 564 220 619 p.
239 548 314 615 263,
335 549 354 604 4
378 564 453 620 quae
475 548 623 608 maiorum
641 547 712 607 sunt
729 549 891 622 pectorum,
915 566 971 623 pro
993 568 1066 628 rege
1089 571 1150 627 per

125 637 255 696 castrum
277 636 464 710 procurrunt.

588 794 667 852 XIV.
1175 821 1190 862 a

185 938 218 993 p.
237 919 312 987 265,
333 921 375 977 13
397 918 467 977 licet
484 919 587 996 igitur,
609 920 819 979 nocentissima
839 919 1018 979 feminarum
1041 924 1148 984 rideat

124 1008 201 1084 quod
230 1025 349 1082 accuso,
376 1026 441 1082 oro,
470 1009 505 1065 ut
532 1007 611 1083 quod
633 1008 756 1066 remedii
778 1009 837 1066 mei
868 1011 968 1084 patior
995 1009 1147 1089 dolorem,

122 1098 272 1157 meretrici
293 1097 537 1172 praevaricatrici
558 1116 619 1156 non
641 1099 744 1173 prosit.

183 1189 311 1259 p.267,
332 1189 374 1244 16
468 1185 572 1244 deiude
595 1187 705 1261 tenuit,
733 1186 825 1245 donec
848 1204 967 1245 censum
991 1188 1144 1250 exhausit.

122 1275 252 1334 breviter
292 1293 361 1352 ergo
403 1276 528 1350 accipite
568 1270 797 1335 nocentissimae
838 1276 970 1336 mulieris
1007 1277 1145 1340 facinus:
1160 1303 1186 1342 ro

121 1382 283 1440 pauperem
305 1383 353 1422 me
375 1363 459 1438 fecit,
489 1363 593 1422 deinde
616 1364 693 1423 ferre
720 1384 780 1423 non
801 1366 909 1440 potuit.
955 1366 1145 1441 experimen·

121 1455 187 1510 tum
208 1454 241 1510 in
263 1472 311 1511 me
333 1453 389 1511 sibi
410 1452 538 1528 probare
555 1453 678 1529 placuit,
700 1473 755 1531 per
777 1453 857 1528 quod
879 1454 975 1528 liquet
996 1457 1099 1530 ipsam
1126 1477 1146 1519 a

122 1542 193 1602 solis
217 1543 312 1600 amari
338 1541 416 1600 velle
443 1540 594 1601 divitibus.
635 1561 789 1617 nunquam
816 1542 871 1600 hoc
901 1545 1020 1601 tautum
1044 1564 1144 1605 mere·

120 1631 181 1690 trix
200 1630 256 1691 scit
274 1631 522 1705 quemadmodum
539 1650 599 1690 uon
618 1633 741 1689 ametm.
784 1631 881 1689 dirum
899 1633 990 1707 virus
1015 1633 1144 1696 homine

120 1718 242 1794 firmius,
264 1722 362 1779 mente
385 1720 569 1779 constantius
589 1719 663 1777 mihi
681 1721 799 1780 solaciis
817 1722 918 1795 potius
941 1740 975 1780 ac
997 1723 1143 1784 mollium
1158 1745 1183 1786 1s

119 1809 317 1887 remediorum
344 1808 460 1867 ratione
489 1808 679 1868 tractandum
704 1808 757 1869 sub
784 1808 889 1868 blaudi
916 1810 1018 1869 vidtus
1045 1814 1144 1872 simu-

119 1898 232 1956 latione
258 1897 403 1972 porrexit,
434 1899 464 1955 et
491 1899 536 1955 ita
564 1917 613 1956 ma
642 1899 739 1973 perire
768 1898 847 1956 fecit
892 1898 983 1957 habet
1010 1900 1144 1976 aliquod

120 1987 264 2045 solacium
287 1990 335 2044 etc.
359 1978 497 2067 (p268,
517 1977 581 2066 17).

181 2094 214 2148 p.
233 2077 308 2142 271,
325 2075 367 2133 15
381 2119 387 2131 .
404 2120 409 2131 .
425 2119 431 2131 .
447 2074 527 2148 quod
541 2074 596 2132 sibi
615 2076 753 2132 meretrix
770 2076 888 2134 videtur
902 2076 1044 2136 adamata
1059 2097 1141 2154 quae

119 2165 154 2221 ut
164 2164 326 2221 communis
337 2162 472 2221 omnibus
485 2162 594 2220 anullo
604 2165 733 2221 meretur
743 2167 845 2223 amari.
879 2167 1018 2240 aequiore
1033 2168 1140 2229 animo
1154 2191 1181 2231 ro

119 2252 206 2324 feras,
230 2256 277 2309 etc.
301 2244 343 2333 (p.
362 2254 437 2320 271,
455 2243 522 2331 22).

181 2358 213 2413 p.
233 2341 307 2409 272,
328 2344 369 2398 14
391 2340 500 2402 iterum
518 2359 580 2416 nos,
603 2344 638 2400 ut
661 2342 795 2417 aestimo,
817 2345 849 2400 in
869 2344 915 2401 sui
933 2340 1141 2426 caritate<m>

119 2430 179 2487 alia
201 2431 322 2505 potione
345 2432 504 2488 revocaret.

179 2537 212 2592 p.
231 2521 347 2587 273,3
372 2519 542 2596 peregriner
575 2539 592 2577 a
623 2521 736 2595 patria,
766 2523 797 2579 te
823 2523 923 2580 tamen
951 2523 1071 2584 animus
1106 2529 1140 2585 et

57 2616 60 2621 '
117 2625 212 2667 sermo
235 2627 317 2668 meus
339 2608 486 2683 respiciet.
1152 2636 1177 2677 25

178 2714 211 2769 p.
230 2699 305 2764 274,
325 2698 346 2755 8
368 2696 485 2756 ablatus
504 2699 549 2756 est
567 2697 642 2757 milri
661 2698 768 2758 amoris
788 2699 918 2774 affectus,
933 2719 951 2757 a
969 2719 1028 2775 quo
1048 2706 1139 2763 venit

117 2787 212 2844 omnis
237 2785 366 2861 laetitia,
393 2805 446 2862 per
471 2805 559 2861 quem
584 2788 645 2846 stat
668 2788 788 2846 conexio
812 2789 996 2847 saeculorum
1022 2792 1054 2848 et
1078 2812 1139 2867 per

117 2893 204 2948 quem
218 2875 449 2934 reconciliantur
462 2875 619 2934 cornaria.
664 2895 724 2936 non
737 2877 831 2936 habeo
846 2881 894 2936 etc.
909 2876 952 2950 (p.
971 2880 1048 2948 274,
1065 2874 1136 2962 16).

178 2966 304 3037 p.274,
325 2967 367 3022 16
390 2966 523 3040 quisquis
547 2966 626 3023 enim
654 2966 714 3024 odii
741 2965 988 3025 medicamentum
1009 2967 1136 3047 biberit,

7 3100 11 3107 .
117 3072 208 3110 unum
226 3053 361 3113 fortassis
380 3052 485 3127 oderit,
508 3053 559 3114 sed
582 3073 681 3115 amare
700 3057 848 3115 neminem
865 3058 971 3131 potest.
1018 3075 1055 3115 ac
1077 3079 1137 3135 per
1151 3083 1177 3123 aa

115 3141 172 3199 hoc
193 3142 290 3200 factus
314 3144 358 3201 est
375 3143 504 3202 incivilis
529 3146 558 3201 et
577 3144 793 3218 quodammodo
818 3145 926 3203 desinit
944 3163 1007 3204 esse
1030 3146 1136 3226 homo,

116 3230 187 3288 dum
211 3249 272 3290 esse
295 3229 404 3289 desinit
426 3232 551 3291 socialis.

176 3338 209 3393 p.
228 3319 303 3388 275,
325 3320 343 3377 5
366 3322 442 3378 mira
464 3323 571 3379 veneni
597 3322 687 3381 huius
715 3324 863 3399 potentia,
891 3326 925 3381 ut
949 3322 1020 3382 data
1044 3329 1135 3401 potio

187 3513 220 3560 14
238 3506 328 3559 virum
347 3515 384 3572 Μ,
403 3523 470 3562 corr.
489 3513 598 3564 maa.2
678 3515 711 3564 16
730 3509 877 3565 tractando
896 3519 929 3563 Μ
1003 3528 1050 3579 qu.
1066 3531 1095 3582 p.
1112 3515 1133 3569 f.

113 3581 144 3633 ia
163 3596 248 3650 marp.
264 3587 296 3631 Μ
