2430 3952
141 188 210 252 ’422
458 187 652 246 Excussae
669 187 848 241 PARISINA.
883 196 886 202 '

142 359 268 435 spondet
292 358 328 416 de
351 359 467 431 anime,
491 376 551 416 non
573 358 725 433 promittit
747 357 784 416 de
807 357 878 415 fato.
921 360 985 416 tam
1008 357 1173 415 consenta-

133 460 232 506 'neum
257 449 314 522 est,
342 449 458 506 utnon
482 448 627 517 moriatur
650 448 703 522 qui
730 445 817 519 velit,
846 465 936 521 quam
959 447 994 504 ut
1017 447 1174 503 moriatur

143 537 196 612 qui
218 536 302 595 nolit.
344 539 376 597 et
404 555 459 614 ego
490 535 608 611 quidam
638 535 729 594 volui.
772 534 852 610 quod
882 537 983 593 autem
1013 553 1076 593 non
1103 535 1172 610 feci,

141 625 272 685 iubentis
296 627 348 684 est.
391 625 486 684 nescis
511 627 657 700 quantum
680 624 755 682 mihi
773 623 980 683 haesitationis
999 625 1173 698 paraveris,

142 733 210 774 cum
228 717 402 792 interroges,
421 715 493 773 dum
510 713 688 788 respondere
707 714 796 790 cogis.
833 712 930 772 iuberi
948 713 1025 772 mihi
1043 712 1199 772 videbare

131 806 232 862 -tuum
253 803 354 861 bibere
382 822 541 862 venenum:
569 822 622 862 nee
645 804 745 861 vivere
768 801 857 860 libuit
882 821 935 860 nec
958 801 1044 860 mori.
1089 803 1128 859 P.
1148 803 1174 861 si

130 892 235 966 ‘iussio
265 892 328 953 sola
358 893 510 951 voluntati
539 891 671 965 obstitit,
706 910 759 951 eur
788 891 879 950 aliter
910 892 986 949 mori
1019 890 1175 952 noluisti?

141 983 178 1045 F.
198 984 234 1041 ut
257 983 440 1042 accusationi
462 980 665 1056 respondeam.
707 981 740 1038 Ρ.
760 981 817 1054 hic,
840 980 901 1055 hic,
924 980 1051 1053 iudices,
1078 1000 1174 1055 quae·

141 1071 266 1131 rendum
294 1073 339 1130 est
370 1089 422 1129 cur
449 1072 548 1130 vivere
581 1069 734 1128 absolutus
766 1068 864 1128 noluit
894 1069 946 1144 qui
973 1069 1053 1128 mori
1083 1088 1174 1129 accu-

132 1162 226 1224 ,satus
250 1160 353 1219 voluit.
395 1161 432 1218 F.
452 1160 526 1235 quid
549 1160 689 1233 facerem,
717 1160 749 1219 P.
771 1156 823 1218 it?
845 1177 899 1218 nec
927 1158 1005 1217 exire
1035 1177 1055 1217 a
1080 1159 1175 1219 domo
1189 1181 1210 1220 1⁰

141 1249 260 1322 licebat,
283 1269 321 1308 ne
340 1248 456 1308 viderer
475 1267 634 1326 agnoscere
657 1250 688 1306 et
710 1247 897 1307 infuturum
915 1247 1048 1306 viderem
1067 1250 1175 1326 iurgia

141 1340 205 1397 tam
228 1339 319 1415 longa
342 1357 433 1412 quam
451 1338 554 1395 vitam.
597 1339 694 1396 omnis
717 1338 794 1397 citra
817 1336 1056 1412 desperationem
1084 1338 1175 1397 dolor

132 1444 226 1489 mora
255 1427 428 1504 languescit.
476 1427 510 1485 P.
534 1429 595 1485 iam
625 1427 725 1484 omnia
755 1425 870 1485 obiecta
899 1428 1023 1484 viceras.
1074 1427 1119 1486 F.
1143 1430 1176 1487 at

133 1517 238 1592 ‚patris
268 1515 371 1575 odium
401 1535 553 1591 nunquam
584 1516 702 1574 vincere
732 1517 825 1590 potui.
868 1534 945 1574 nunc
975 1517 1116 1590 primum
1144 1521 1174 1576 te

142 1605 217 1666 mihi
232 1605 400 1681 opposuisti
413 1624 447 1664 eo
463 1604 542 1680 quod
557 1603 779 1678 victus'oderis3
793 1605 874 1678 patri
885 1604 936 1679 qui
951 1603 1097 1663 abdicare
1113 1625 1175 1665 non
1188 1625 1209 1666 ιε

140 1695 251 1770 potuit,
274 1695 373 1752 minus
398 1697 443 1753 est
465 1694 544 1752 filius
568 1711 676 1753 nocens
696 1712 787 1768 quam
810 1693 972 1752 absolutus.
1016 1712 1174 1768 quaecun-

133 1802 199 1859 que
230 1803 321 1844 nexus
352 1802 490 1858 accepere
519 1786 657 1858 natiuae,
688 1802 747 1841 non
779 1782 920 1842 laxantur
949 1782 1091 1856 diducta,
1123 1785 1176 1844 sed

142 1875 276 1948 pereunt.
318 1873 351 1930 P.
372 1872 473 1931 odium
501 1872 608 1933 saltem
635 1872 816 1946 pertulisses.
858 1873 894 1930 F.
915 1890 973 1946 quo
1001 1871 1120 1932 modo?
1149 1875 1175 1932 si

142 1962 249 2020 hilaris
273 1980 347 2033 sum,
372 1980 526 2036 exasper03
549 1961 576 2020 si
598 1962 708 2033 tristis,
736 1959 866 2034 offend03
896 1962 922 2018 si
945 1961 1104 2035 alloquor,
1128 1964 1174 2022 in·

143 2052 259 2125 quiet03
291 2052 317 2108 si
340 2049 461 2122 accedo,
485 2069 588 2124 ouer03
618 2051 645 2108 si
667 2050 785 2123 recedo,
808 2053 973 2110 contemno.
1016 2053 1073 2124 qui
1098 2052 1174 2111 haec
1187 2071 1209 2111 :u

143 2140 221 2197 ferre
244 2141 357 2213 potest,
380 2141 497 2197 meruit.
540 2139 642 2197 odium
669 2141 764 2215 patris
791 2141 817 2198 is
840 2141 957 2197 tantum
983 2138 1065 2198 filius
1092 2142 1174 2200 ferre

143 2227 255 2302 poterit
296 2229 349 2302 qui
379 2230 410 2285 et
439 2230 556 2302 patrem
585 2228 690 2287 oderit.
736 2247 797 2287 non
830 2227 920 2287 habet
950 2228 1044 2286 alium
1078 2250 1173 2304 quam

143 2315 248 2376 mortis
284 2319 396 2374 exitum
429 2316 509 2375 filius
543 2319 595 2392 qui
625 2337 678 2376 nec
713 2317 847 2376 abdicari
862 2311 977 2392 'potest
1010 2336 1068 2376 nec
1101 2337 1172 2379 con-

135 2407 249 2466 ciliari.
291 2406 324 2463 P.
345 2407 371 2465 si
389 2409 465 2464 esset
484 2406 536 2480 ita,
560 2425 612 2464 cur
631 2407 688 2465 hoo
710 2408 811 2481 potius
834 2407 939 2466 mortis
959 2406 1091 2483 genere?
1134 2410 1172 2468 F.

143 2498 215 2570 quia
238 2514 298 2555 nou
321 2494 459 2570 placebat
482 2496 649 2570 querulum,
672 2515 732 2554 non
755 2496 981 2568 tumultuosum,
1004 2515 1068 2556 non
1089 2498 1171 2573 quod
1185 2518 1207 2556 a

142 2585 289 2643 invidiam
312 2585 437 2659 faceret,
465 2603 523 2643 non
552 2586 644 2643 etiam
668 2586 747 2659 quod
774 2586 914 2659 intercipi
944 2585 1032 2643 facile
1056 2591 1171 2660 posset.

141 2675 175 2733 Ρ.
196 2694 248 2733 cur
275 2693 335 2732 non
363 2672 483 2734 subito?
526 2674 597 2748 quid
624 2672 771 2733 moraris?
813 2673 885 2749 quid
913 2673 1090 2749 exspectas?
1133 2677 1171 2734 F.

143 2782 204 2822 nou
222 2764 386 2822 dissimulo.
420 2763 471 2821 sed
489 2764 545 2821 hoc
565 2782 583 2822 a
601 2765 783 2822 conscientia
804 2763 887 2822 habe.
924 2765 1101 2822 innocentia
1124 2785 1171 2824 re-

143 2851 308 2926 tractabat,
338 2852 395 2911 diis
426 2871 456 2911 se
491 2851 725 2911 commendabat.
773 2854 806 2910 P.
832 2872 884 2911 cur
913 2871 973 2910 non
1004 2852 1172 2914 adiuovisti

143 2940 272 3000 testem?
312 2943 349 3000 F.
368 2940 426 3000 tibi
449 2959 549 3001 omnes
573 2941 723 3014 favebant,
748 2961 796 3000 me
819 2961 905 3000 nemo
930 2941 1056 3013 audiret,
1081 2962 1171 3002 nemo
1185 2963 1207 3003 u

144 3031 347 3089 comitaretur.
389 3031 451 3090 illis
475 3050 510 3088 ex
533 3030 601 3090 odio
625 3030 682 3088 filii
706 3033 802 3106 patris
830 3031 972 3090 accrescit
995 3030 1093 3090 favor.
1137 3034 1172 3091 P.

144 3137 197 3176 cur
216 3121 325 3178 ostium
344 3139 403 3177 uon
423 3117 577 3179 clausisti?
614 3121 650 3177 F.
671 3122 743 3194 quia
763 3121 816 3178 alii
836 3139 895 3178 non
914 3119 1070 3194 parabam.
1111 3143 1173 3182 non

218 3289 434 3342 7voluistir'1s
506 3294 538 3341 10
558 3287 712 3342 uoluitur
784 3296 816 3342 12
836 3289 894 3342 vita
918 3298 962 3341 w
1036 3296 1071 3342 13
1093 3310 1174 3346 mora

143 3359 237 3416 Desa:
257 3359 300 3413 ira
319 3383 341 3413 ω
422 3360 534 3413 abiecta
557 3369 602 3413 ΡΒ
680 3363 814 3430 sopater
834 3371 861 3413 Ρ
942 3360 1003 3427 qui:
1025 3364 1107 3429 quod
1130 3374 1177 3419 w

146 3431 327 3500 mancipare
351 3441 396 3484 VB
496 3437 530 3484 20
554 3432 660 3486 honoro
684 3442 729 3484 w
829 3433 977 3485 attamen
1001 3454 1038 3500 ως
1063 3437 1177 3492 correxi

138 3506 179 3554 -26
199 3503 275 3571 quod
290 3520 341 3559 oca
361 3513 406 3555 w
481 3509 515 3557 28
534 3503 645 3557 habeo?
723 3503 915 3557 innocentiam
934 3513 979 3555 w
1043 3511 1098 3560 29
1117 3525 1178 3563 non

134 3590 192 3628 om.
221 3584 266 3628 ΓΒ
337 3579 371 3628 32
391 3574 495 3629 ostium
513 3585 607 3630 oca.1’
677 3575 752 3642 quod
772 3586 799 3628 Ρ
