2430 3952
409 184 644 240 castanasio
662 185 701 239 IX
720 191 797 241 5-8.
1043 185 1107 250 173

31 352 33 356 ’
93 356 214 416 servilia
237 374 321 414 arma
343 357 374 413 et
396 353 594 432 ignominiosa
616 357 712 414 morte
735 357 876 431 perituro,
898 358 973 429 tum,
996 356 1023 415 si
1045 355 1108 412 ulla

93 446 209 504 miseris
231 443 303 504 fides
327 446 380 518 est,
403 444 476 519 quid
497 445 604 503 horum
627 445 759 504 omnium
777 446 877 522 ignari
895 447 1018 522 agerent
1039 463 1108 519 pro-

94 535 200 610 pinqui
221 533 298 592 nihil
320 534 405 608 peius
424 532 460 592 de
482 534 604 592 fortuna
626 553 693 593 mea
712 535 895 609 suspicantes
919 552 1010 608 quam
1028 533 1108 608 quod

94 624 283 699 scripseram:
315 622 393 680 illud
423 624 525 682 tamen
557 624 766 700 gravissimum
796 623 877 697 quod
907 624 1024 698 patrem
1056 623 1109 697 qui

68 711 212 774 atamdin
238 730 298 770 non
320 711 436 770 venirat
464 713 585 787 captum
611 712 763 788 putabam.
809 729 880 789 ergo
902 713 969 770 tota
996 712 1108 788 cogita-

95 802 178 860 tione
199 801 332 860 intentus
354 801 387 858 in
407 804 534 860 mortem
553 801 744 877 expectabam
763 803 917 860 cruentum
935 801 1022 858 iilum
1041 797 1108 858 ccn·

94 891 243 949 sectorem.
290 891 356 964 quis
380 891 460 948 enim
482 889 598 949 dubitet
621 890 694 966 quid
716 891 851 948 futurum
874 889 977 962 fuerit,
1005 888 1031 947 si
1054 907 1108 965 ego

95 976 294 1057 pugnassem?
338 979 390 1036 ille
418 997 535 1054 quoque
567 981 681 1039 occisus
714 980 758 1049 est
785 981 838 1054 qui
869 980 949 1036 inter
975 995 1042 1051 nos,
1075 979 1109 1035 nt

96 1069 229 1144 apparet,
251 1067 358 1126 fortior
379 1068 446 1128 fuit.

22 1232 26 1241 Ι
56 1179 82 1219 10
162 1155 218 1216 His
246 1157 477 1234 cogitationibus
506 1157 635 1216 attonito
663 1159 693 1216 et
719 1159 752 1214 in
774 1158 900 1216 mortem
927 1157 989 1214 iam
1016 1173 1111 1231 paene

96 1246 242 1319 demerso,
265 1246 422 1322 inopinata
445 1245 544 1306 subito
569 1246 658 1305 amici
679 1247 739 1305 mei
762 1247 872 1322 species
895 1245 1013 1304 effirlsit,
1060 1243 1111 1302 ob-

97 1336 203 1411 stipui,
231 1337 388 1410 totumque
421 1353 526 1411 corpus
542 1330 701 1411 'percurrit
732 1333 858 1412 frigidus
890 1353 985 1411 pavor
1016 1352 1111 1409 neque

98 1423 194 1498 aliter,
213 1442 304 1499 quam
322 1425 349 1483 si
366 1442 446 1482 vana
463 1423 630 1482 obiceretur
647 1425 741 1482 oculis
761 1425 870 1501 imago,
888 1425 987 1482 mente
1006 1425 1110 1498 captus

97 1514 175 1572 steti.
221 1512 274 1571 ubi
299 1512 429 1588 primum
456 1514 508 1571 lux
534 1513 625 1571 rediit
651 1513 843 1587 laxatumque
867 1513 912 1571 est
933 1531 1026 1586 nsque
1053 1512 1112 1569 huc

57 1624 84 1665 ra
97 1604 155 1660 iter
181 1603 260 1677 voci,
287 1595 372 1676 ‘quid
398 1597 468 1660 tu?'
499 1604 636 1678 inquam,
660 1597 730 1677 ‘quo
761 1619 831 1660 casu
862 1601 1025 1677 pervenisti
1054 1600 1112 1658 huc

97 1689 207 1749 miser?
252 1691 399 1766 numquid
422 1693 451 1750 et
473 1693 503 1749 te
526 1690 685 1750 vendidere
706 1692 823 1766 piratae
831 1684 857 1747 ‘i'
904 1689 1010 1748 atille
1033 1707 1112 1748 com-

98 1781 201 1856 plexus
225 1781 352 1839 cervices
374 1798 456 1839 meas
480 1779 581 1840 effusis
603 1781 636 1838 in
660 1783 763 1856 pectus
785 1799 884 1839 meum
911 1777 1042 1850 lacrimis
1067 1796 1112 1836 so-

98 1870 179 1928 lutus
211 1870 376 1944 intercepto
408 1888 500 1945 prope
532 1871 594 1927 iam
621 1870 729 1945 spiritu
761 1887 826 1928 sero
854 1870 916 1926 iam
942 1867 1112 1942 trepidante

98 1978 146 2017 me
172 1959 301 2034 primam
324 1976 427 2017 vocem
455 1961 486 2017 et
508 1958 559 2016 diu
586 1959 681 2018 sclam
708 1958 815 2017 edidit:
843 1952 927 2017 ‘satis
949 1951 1032 2016 vixi’.
1078 1957 1113 2014 ut

59 2069 86 2109 so
99 2066 169 2106 vero
193 2065 296 2107 causas
318 2047 434 2107 itineris
456 2047 587 2106 reddidit
609 2049 640 2106 et
661 2049 776 2106 uenisse
799 2065 829 2106 se
853 2047 892 2106 ad
908 2045 1113 2104 redimendum

99 2136 258 2195 indicavit:
281 2130 324 2194 ‘et
341 2131 441 2211 unde',
463 2137 595 2212 inquam,
619 2130 688 2195 ‘tibi
710 2136 844 2211 pecunia,
867 2136 926 2194 nisi
943 2135 1062 2194 redistis
1080 2135 1113 2192 in

100 2228 239 2302 gratiam,
262 2229 292 2284 et
313 2226 344 2283 te
366 2227 453 2301 pater
475 2245 557 2284 meus
580 2221 694 2285 misit?'
779 2300 783 2308 ¹

166 2313 277 2372 Audite
301 2318 416 2391 gentes,
439 2314 541 2373 audite
562 2315 680 2390 populi,
702 2334 762 2373 non
781 2315 869 2374 solita
891 2313 1036 2372 iudicium
1059 2331 1110 2370 nc·
1130 2311 1148 2366 8

101 2405 196 2462 strum
224 2422 332 2462 corona
359 2405 543 2477 circumstet,
575 2403 639 2478 sed,
671 2403 697 2462 si
723 2405 839 2479 patitur
869 2404 978 2460 natura
1004 2420 1113 2475 rerum,

61 2494 182 2553 astatus
206 2493 244 2550 ad
267 2493 466 2569 cognitionem
488 2493 559 2551 talis
582 2493 710 2568 exempli
732 2492 811 2552 orbis
838 2491 1030 2550 circumfluat.
1067 2492 1113 2547 ta·

101 2584 164 2641 cete
187 2582 288 2658 priora
312 2582 438 2656 saecula,
463 2583 495 2639 in
519 2582 624 2657 quibus
647 2584 748 2640 tamen
772 2600 790 2639 a
812 2580 974 2657 primordio
998 2581 1113 2656 generis

101 2672 225 2729 humani
251 2672 431 2746 paucissima
459 2672 608 2729 amicitiae
637 2672 724 2747 paria
751 2669 973 2729 admirabiiiora
1002 2667 1114 2726 fecerat

174 2845 189 2893 2
213 2838 325 2893 horum:
344 2840 478 2894 honorem
496 2849 535 2907 Β;
557 2841 695 2894 honorum
714 2849 755 2906 Β,
773 2838 818 2894 vel
835 2838 904 2921 hore
921 2855 997 2907 supr.
1012 2858 1044 2889 m

104 2935 202 2982 3mea
220 2946 270 2984 cm.
284 2938 309 2982 .1
378 2928 553 2999 suspicantes
571 2938 599 2982 Β
669 2928 809 2982 ntandiu
827 2937 854 2981 Β
924 2927 1062 2980 inveniret
1080 2935 1114 2994 Β,

103 2999 133 3054 in
151 3000 234 3054 deta
301 2999 424 3070 putabat
441 3010 476 3068 Β,
494 3010 595 3055 corae
661 3016 713 3069 ego
733 3012 753 3052 0
823 3001 999 3053 scruentem
1018 3007 1047 3050 Β

105 3071 282 3125 confictorem
299 3081 328 3124 Β
398 3072 574 3142 supparet}
596 3073 625 3140 (2
643 3072 693 3126 1111.
709 3073 797 3139 er.)15
869 3075 902 3123 10
926 3068 1115 3138 cogitatiobus

103 3152 132 3195 Β
210 3143 252 3196 in:
275 3142 350 3197 inter
367 3151 427 3195 ΒΜ
505 3149 537 3196 11
562 3143 687 3197 demerso
706 3159 739 3196 000
757 3142 921 3195 dimersos
998 3139 1117 3195 obfulsit

108 3222 147 3266 Vn
216 3213 349 3282 obstupui
367 3235 390 3266 ω
408 3219 519 3284 praeter
536 3223 564 3266 Β
635 3219 668 3267 13
692 3229 789 3281 qnam:
814 3229 868 3281 quo
888 3223 915 3266 Β
986 3218 1019 3266 14
1042 3211 1117 3265 redit

108 3293 141 3350 Va
211 3301 300 3354 usqne
325 3285 381 3339 huc
399 3295 437 3339 B:
457 3287 603 3340 emactari
674 3289 706 3339 15
725 3283 799 3357 11101
816 3294 844 3337 Β
913 3283 1066 3337 venistis!

106 3361 138 3410 17
159 3355 261 3410 effusus
280 3363 306 3411 at
323 3355 446 3410 solutum
464 3357 519 3411 Bc.
580 3360 613 3410 18
631 3356 821 3425 trepidantem
840 3377 858 3408 α
914 3360 947 3409 19
965 3355 1076 3424 priman
1090 3364 1118 3408 Β

106 3432 138 3481 21
158 3427 265 3496 inquan
282 3437 311 3480 Β
376 3434 411 3481 24
430 3428 580 3481 circonstet
598 3437 626 3480 Ρ
695 3433 728 3481 25
748 3427 948 3497 cognitionem:
968 3426 1117 3480 -uitionem

104 3499 208 3623 garae.
223 3507 262 3566 Β;
281 3499 483 3569 cogitationem
502 3511 518 3552 s
608 3498 771 3552 circonfluat
788 3508 816 3551 Ρ
903 3504 936 3552 11
961 3496 1067 3551 fecerat
1086 3509 1115 3551 s:

117 3572 231 3625 ecerant
249 3591 273 3623 ω
