2430 3952
397 206 632 281 anonumum
649 207 783 262 -11s-1u
1056 210 1097 278 19

86 376 154 451 pori
181 374 403 435 accommodata
430 376 568 453 lugubria
595 377 731 436 flammeo
758 380 924 436 revertente
954 379 1099 439 mutabis:

87 467 118 522 at
141 464 282 524 hisvero
305 464 420 524 iuvenis
444 466 504 541 qui,
528 465 553 525 si
575 466 713 525 fortunae
736 484 806 524 suae
824 466 905 524 mala
924 486 990 526 cum
1012 487 1098 543 prae·

85 555 183 612 teritis
203 556 351 630 conparet,
375 573 478 613 caecus
497 556 595 629 coepit
613 573 675 614 esse
692 573 772 614 nunc
790 556 927 631 primum,
948 557 1020 632 quid
1036 577 1096 616 non

86 643 176 700 miser
202 643 234 700 in
261 643 317 701 hoc
345 661 412 701 sene
440 641 590 718 perdidit?
621 645 742 703 vivebat
773 645 820 702 illi
850 663 959 722 magua
990 647 1097 722 pictae,
1166 703 1168 707 .

59 731 224 805 sederant,
248 732 441 807 quodcunque
464 733 604 806 iusserat,
627 733 662 790 de
685 733 760 792 facie
788 733 882 809 patris
906 735 992 792 oculi.
1037 754 1097 794 non

86 820 219 879 inludere
246 821 414 880 infelicibus
441 820 571 880 tenebris
599 825 785 880 contumaces
813 823 923 881 servuli
949 825 1096 898 poterant,

86 928 139 968 nec
162 942 206 950 -
229 910 309 984 quod
339 911 504 968 extremum
533 911 779 969 contumeliarum
807 929 898 988 genus
929 914 975 970 est
1000 943 1037 953 -
1062 922 1098 970 ut

85 998 239 1067 dominum
258 1001 368 1075 ageret,
386 999 541 1076 rogabant.
577 1019 656 1058 nunc
675 1003 795 1075 quanta,
818 999 849 1056 di
867 999 946 1076 boni,
967 999 1096 1059 ludibria

85 1090 156 1146 sunt
186 1085 335 1146 ineunda?
380 1087 501 1147 iunxere
532 1107 563 1148 se
592 1089 705 1165 pariter
737 1089 864 1148 caecitas
896 1089 927 1147 et
959 1089 1095 1150 solitudo.

46 1177 158 1252 mquid
186 1177 243 1235 tibi
270 1196 361 1252 nuuc,
392 1175 555 1237 miserrime
583 1177 767 1252 adulescens,
798 1178 948 1237 hereditas
975 1179 1097 1255 prodest

86 1285 176 1341 quam
198 1268 317 1324 tantum
340 1266 437 1342 audie,
466 1267 537 1342 quid
561 1267 639 1325 enim
667 1267 743 1325 circa
766 1270 796 1325 te
823 1267 950 1343 pecunia
976 1266 1097 1344 potest?

86 1374 161 1430 quae
188 1355 306 1413 fruendi
328 1353 520 1432 voluptates?
548 1355 620 1431 quid
643 1355 725 1414 aliud
749 1375 840 1430 quam
865 1357 1029 1431 spoliorum
1051 1357 1096 1416 fa-

85 1445 150 1503 cilis
174 1442 309 1503 occasio?
346 1445 436 1519 quam
459 1445 533 1503 bene
555 1446 614 1504 ista
637 1444 736 1503 omnia
758 1445 878 1520 paterni
895 1445 974 1504 oculi
997 1449 1095 1504 custo·
1195 1455 1197 1459 '

85 1531 229 1591 diebant‘l
252 1552 343 1608 quam
366 1534 454 1591 facile
478 1533 583 1609 decipi,
606 1551 696 1608 quam
719 1533 806 1591 facile
831 1532 981 1608 denudari,
1005 1554 1096 1609 quam

44 1641 71 1683 1⁶
86 1623 148 1681 sine
171 1621 272 1681 labore
294 1622 360 1680 falli
382 1620 488 1698 potes?
512 1624 679 1698 quamcito
702 1623 788 1698 inops
810 1619 894 1679 fieri?
930 1625 1024 1680 monte
1042 1642 1096 1698 pa·

83 1713 138 1771 tris
168 1711 360 1771 exheredatus
388 1730 428 1772 es,
473 1710 546 1786 quid
573 1730 651 1770 nunc
678 1710 749 1785 tibi,
776 1711 835 1769 nisi
861 1714 1023 1786 perpetuus
1050 1712 1094 1769 in·

63 1801 178 1859 ,minet
208 1819 324 1860 maeror
352 1803 382 1859 et
409 1801 555 1859 execratio
582 1797 683 1860 vitae?
728 1800 817 1858 miser
843 1802 912 1876 post
943 1801 1042 1858 omnia
1065 1803 1096 1859 et

83 1890 221 1949 lacrimas
248 1889 391 1966 perdidit,
423 1908 476 1949 nec
504 1889 653 1949 dolentem
681 1889 826 1948 adiuvant
857 1889 942 1947 oculi.
988 1891 1095 1965 incipit

83 1977 165 2057 apud
187 1981 217 2037 te
241 1979 358 2055 gladius
381 1978 489 2037 habere
513 1978 591 2054 quod
616 1980 694 2056 agat.
740 1980 865 2053 quaerit,
889 1995 954 2036 ecce
978 1981 1095 2053 quaerit

38 2081 70 2129 'nc
83 2068 173 2127 miser
195 2068 315 2126 ferrum.
354 2062 465 2143 ‘nunc',
486 2069 594 2144 inquit,
619 2063 687 2126 ‘huc
705 2067 819 2125 reddite
838 2065 923 2141 illud,
945 2068 1094 2141 innocens,

83 2158 175 2216 donec
202 2155 309 2214 habuit
334 2174 416 2215 meas
447 2174 554 2216 manus
577 2158 703 2215 tantum.
749 2156 775 2214 si
797 2155 873 2214 mori
900 2175 1017 2215 necesse
1041 2160 1093 2232 est,

82 2245 128 2304 illi
155 2247 344 2322 potissimum
371 2245 548 2304 incumbam.
594 2245 650 2304 hoc
675 2245 731 2306 illa
752 2244 813 2302 iam
840 2244 912 2303 olim
938 2245 1036 2320 mavis
1064 2248 1095 2304 et

82 2335 185 2393 infelix
209 2336 308 2393 anima
332 2334 519 2410 querebatur.
564 2333 616 2392 ubi
638 2353 717 2392 nunc
739 2351 822 2392 meae
844 2332 943 2392 vires?
965 2333 1016 2391 ubi
1038 2336 1094 2392 im-

82 2422 190 2500 petus?
212 2422 264 2481 ubi
287 2423 389 2503 dextra
411 2424 475 2480 tam
497 2421 605 2482 fortis?
627 2442 687 2481 unc
710 2425 780 2499 ictu,
803 2424 886 2499 puto,
909 2440 945 2480 ne
963 2442 1011 2482 me
1030 2424 1093 2498 qui·

42 2535 69 2576 25
84 2512 151 2571 dem
172 2515 270 2587 ipsum
295 2513 371 2570 mihi
394 2514 546 2590 continget
569 2506 721 2572 occidere?

82 2649 131 2701 ubi
154 2646 309 2701 absoletam
332 2645 406 2717 (obe·
423 2663 491 2701 corr.
506 2648 544 2717 e);
571 2644 727 2699 obsoletam
751 2645 854 2698 nubem
879 2656 894 2697 s
973 2646 1093 2715 tempori

83 2719 307 2773 accommodata:
326 2717 497 2786 temporaria
516 2717 693 2772 commodata
716 2726 737 2768 V

155 2795 168 2841 1
189 2790 373 2844 reuertentem
395 2798 446 2842 VM
461 2791 499 2859 (m
518 2806 576 2857 exp.
592 2790 636 2858 Β)
708 2786 845 2841 mutabis:
870 2789 887 2854 a
905 2789 937 2841 ut
956 2786 1017 2840 abis
1040 2796 1062 2839 V

83 2862 149 2915 tet
167 2878 217 2915 om.
232 2870 315 2925 Maru
402 2865 514 2915 leena:
542 2859 601 2913 sine
621 2869 657 2926 123
676 2859 730 2912 fine
747 2880 768 2919 ρ
846 2856 928 2911 illum
946 2866 989 2925 Δις
1008 2857 1093 2922 illas

82 2937 98 2986 ὁ
114 2931 299 3001 quodcunque
314 2953 344 2986 a:
359 2933 537 3001 quotcunque
552 2943 596 2999 μσς
612 2945 778 2999 quocunque
791 2950 824 2992 ογ
863 2930 1003 2983 iusserant
1015 2938 1093 2982 Burs

82 3004 257 3072 8rogabant
275 3011 336 3056 Ms:
363 3003 482 3071 rogabat
499 3011 595 3055 BVPo
664 3001 826 3055 9iunxere:
852 3000 1013 3066 iuncxeraet
1030 3009 1059 3053 Β

83 3091 112 3128 se
131 3091 181 3130 om.
196 3083 225 3127 Β
296 3079 327 3127 11
348 3090 433 3142 quam
451 3075 575 3126 tantum:
598 3074 733 3142 quantum
751 3081 790 3138 Β;
810 3072 859 3140 qui
877 3072 988 3125 tantum
1007 3084 1022 3135 β

84 3152 117 3200 15
136 3149 230 3215 potes:
248 3147 343 3214 potest
360 3154 382 3196 V
437 3144 527 3212 patris
546 3144 690 3213 copatrix
707 3152 736 3196 Β
796 3148 829 3195 16
848 3142 1012 3197 exeredatue
1030 3151 1058 3195 Β

83 3219 126 3271 est
147 3227 169 3269 V
219 3221 252 3269 19
272 3216 384 3285 gladius
402 3216 519 3270 habero:
539 3215 576 3284 gl.
592 3218 620 3269 te
638 3215 665 3268 h.
681 3235 700 3266 α
718 3214 774 3284 (sed
792 3223 825 3266 M
840 3215 886 3283 cr.)
942 3219 976 3267 20
994 3214 1090 3267 miser:

81 3288 177 3342 miseri
189 3297 242 3341 BV
309 3293 342 3341 22
362 3287 455 3357 mnis
473 3289 513 3341 et:
533 3302 617 3356 grave
636 3286 686 3339 sed
698 3295 759 3352 Βνς
778 3303 828 3340 om.
844 3295 881 3352 Β,
900 3302 975 3353 supr.
989 3306 1021 3337 m

83 3365 115 3412 26
137 3359 256 3429 contigit
273 3368 307 3426 Β,
326 3377 346 3411 n
363 3376 438 3427 supr.
454 3369 484 3424 a,
504 3357 643 3427 contingit
661 3367 682 3409 V

152 3432 190 3484 Iu
202 3439 231 3483 Β
247 3436 305 3484 ets
323 3430 484 3498 subscriptio
503 3430 574 3483 deest
627 3429 656 3481 M
675 3427 766 3481 FABI.
783 3425 1018 3492 QVINTILIANI.
1032 3425 1091 3479 PA-

81 3500 171 3555 alas,
199 3500 401 3555 PALMATVS.
429 3499 613 3582 EXPLICIT7
641 3499 677 3553 M.
701 3499 786 3552 FABI
811 3497 945 3563 QINTIL.
974 3496 1090 3550 MILES.

81 3588 280 3644 MARIANVS.
295 3588 441 3658 INCIPIT3
456 3589 552 3660 (minio
561 3590 640 3658 picta
652 3594 763 3657 praeter
775 3587 887 3656 incipit)
901 3596 947 3702 V.b
963 3574 1092 3638 EXPle

910 3679 934 3726 ἦ.
