2430 3952
318 204 625 261 DECLAMATIONES
643 204 823 276 xvfflsxix.
1013 205 1079 268 429

61 376 136 435 mihi
159 377 254 434 restat
276 374 408 448 affectus,
431 376 491 434 nisi
513 378 547 432 ut
570 375 670 433 omnia
694 374 828 446 audiam,
852 375 953 433 omnia
975 375 1078 433 feram.

61 464 139 523 unde
162 466 257 542 magis
281 463 413 522 admiror
435 463 516 538 quod
542 463 650 522 mulier
676 463 798 538 pudoris
826 463 979 522 silentium
1002 463 1078 521 ferre

61 573 121 611 nen
149 557 249 629 petest
275 571 446 628 novumque
473 553 681 627 impatientiae
709 569 802 630 genus
835 554 920 627 quasi
947 551 1078 630 colligat.

61 644 197 717 queritur
219 642 256 701 de
278 642 390 718 popule
414 641 494 716 quod
516 642 670 716 loquatur,
698 642 735 700 de
760 643 845 716 patre
869 640 948 716 qued
971 643 1078 700 taceat.

33 732 105 791 sM.
125 732 247 790 nullane
265 732 370 803 mater,
393 730 424 789 P.
445 730 485 803 d,
509 730 583 789 adeo
601 731 707 789 infelix
724 731 791 803 erit,
814 732 849 788 ut
866 749 921 805 pro
940 729 1002 789 filio
1026 749 1079 788 suc

61 840 154 879 unum
172 821 279 879 saltem
293 819 416 879 verbum
430 839 490 878 nen
505 818 627 879 audiat?
660 820 776 877 nullum
790 819 886 878 maius
900 819 1016 878 facinus
1035 812 1080 878 est

62 929 151 984 quam
170 911 203 968 in
216 911 273 968 hac
289 927 379 969 causa
392 908 553 968 silentium.
591 910 617 968 si
630 908 675 968 ita
689 909 836 967 silendum
850 910 904 981 est,
921 907 957 966 de
971 911 1079 967 mater-

61 1001 157 1057 nitate
181 1000 282 1058 actum
305 1001 357 1056 est.
404 1016 457 1057 cur
479 995 580 1056 taces?
620 998 653 1055 P.
673 1017 796 1071 nevum,
819 996 945 1071 indicae,
969 999 1080 1055 crimen

62 1087 171 1146 audite.
213 1088 365 1146 silentium
388 1089 434 1146 est
457 1086 536 1162 quod
555 1091 682 1146 accusat.
729 1087 840 1146 crimen
863 1086 971 1145 mulier
992 1089 1080 1146 vocat

22 1199 48 1237 rc
63 1176 143 1251 quod
164 1175 271 1252 priscis
289 1176 453 1251 primisque
476 1176 639 1235 rectoribus
658 1178 757 1251 prima
776 1176 835 1234 fuit
853 1177 957 1235 virtus.
1001 1176 1079 1251 quis-

62 1267 128 1340 quis
148 1265 184 1323 de
202 1267 320 1324 tacente
339 1267 482 1340 queritur,
499 1265 594 1323 multe
613 1265 712 1324 minus
731 1266 808 1323 ferre
826 1264 939 1340 poterit
956 1265 1080 1339 loquen-

61 1357 131 1412 tem.
173 1354 218 1412 M.
238 1354 310 1428 quid
338 1353 446 1412 saitem
474 1353 549 1411 dixit
576 1353 677 1412 filius?
719 1353 833 1430 aliquid
861 1354 935 1412 mihi
962 1353 1079 1413 locutus

62 1446 114 1501 est.
156 1445 189 1500 P.
208 1444 303 1518 ipsius
320 1443 443 1501 animus
466 1445 565 1517 petest
583 1443 656 1502 scire
680 1442 754 1518 quid
777 1443 893 1516 dixerit,
916 1445 969 1518 qui
992 1445 1081 1518 putat

62 1553 108 1590 me
122 1532 230 1590 habere
250 1529 323 1607 quid
337 1531 442 1590 dicam.
480 1533 575 1591 nescis
593 1531 738 1606 improba.
775 1532 859 1607 prius
879 1534 923 1590 est
939 1550 1080 1607 quaerere

22 1643 47 1683 re
63 1642 101 1681 an
134 1621 249 1696 aliquid
278 1620 394 1680 dixerit.
440 1620 514 1696 quid
542 1619 610 1679 ait?
651 1621 731 1679 itane
762 1621 794 1679 in
823 1624 918 1679 morte
947 1621 1003 1679 filii
1035 1621 1081 1678 tui

62 1710 138 1768 nihil
168 1709 250 1769 aliud
273 1709 311 1768 ad
342 1713 372 1768 te
399 1711 530 1787 pertinet
561 1729 652 1785 quam
682 1709 755 1785 quid
784 1710 901 1768 locutus
933 1708 993 1769 sit?
1034 1712 1079 1768 M.

62 1801 163 1859 omnia
182 1802 269 1872 certe,
288 1798 417 1858 sednon
436 1801 536 1862 omnia
554 1802 687 1875 prosunt.
720 1800 800 1875 istud
822 1799 942 1874 quidem
960 1818 1014 1874 pro
1034 1819 1080 1857 me

62 1891 164 1947 staret.
206 1890 239 1946 P.
255 1890 285 1946 et
299 1887 380 1946 istud
392 1907 446 1964 pre
460 1908 507 1947 me
526 1888 627 1963 stabit,
646 1891 680 1946 ut
698 1881 812 1964 aliquid
827 1891 933 1948 secreti
946 1888 1080 1946 habeam.

63 1979 89 2036 si
112 1979 179 2053 quis
202 1980 234 2036 te
257 1977 468 2053 interrogaret,
497 1977 621 2036 haberes
649 1977 766 2053 aliquid
791 1977 871 2053 quod
900 1997 960 2037 nou
983 1978 1080 2053 publi-

21 2089 48 2128 ao
63 2085 152 2125 cares.
195 2066 311 2125 nullum
334 2069 397 2125 sine
421 2066 603 2126 conscientia
624 2069 742 2143 pectuS,
766 2066 882 2125 nullum
905 2067 967 2125 sine
991 2085 1081 2125 causa

62 2155 181 2216 tacendi
204 2174 296 2233 genus
323 2152 515 2232 perseveras?
557 2159 669 2232 quanto
692 2156 798 2215 melius
825 2157 925 2230 ipsum
948 2155 1080 2231 adiisseS,

61 2247 161 2320 ipsum
183 2246 381 2304 communiter
403 2247 500 2304 mater
520 2263 664 2322 rogasses.
705 2246 751 2304 M.
771 2246 796 2304 si
819 2246 977 2321 affuissem,
1003 2245 1081 2304 dice-

62 2336 146 2392 retur
178 2333 256 2409 qued
287 2335 317 2392 et
347 2353 401 2410 ego
433 2334 655 2394 interfecissem.
697 2334 770 2410 quid
799 2335 876 2394 dixit
905 2332 1006 2392 filius?
1046 2336 1080 2392 P.

62 2422 156 2500 pudet
178 2442 225 2482 me
244 2422 324 2498 quod
342 2423 406 2482 sola
423 2423 455 2481 id
478 2425 605 2498 quaeris.
647 2423 783 2483 omnibus
807 2424 874 2482 aliis
892 2424 954 2481 iam
977 2424 1080 2498 liquet.

22 2531 49 2572 aa
63 2511 109 2570 vis
142 2513 215 2569 seire
246 2512 317 2585 quid
348 2511 444 2570 dixit?
489 2513 564 2573 nihil
594 2512 677 2570 dixit.
728 2513 774 2571 M.
798 2532 850 2571 cur
879 2513 955 2570 nihil
984 2510 1081 2570 dixit?

62 2601 96 2658 P.
117 2602 266 2674 quianon
288 2599 394 2658 habuit
413 2600 492 2675 qued
511 2601 584 2660 scire
603 2602 719 2675 vellem,
744 2601 824 2676 quod
842 2602 916 2660 scire
934 2600 1079 2659 deberem.

63 2691 181 2766 quaeris
220 2687 334 2762 quare?
374 2688 551 2764 torquebam
588 2708 642 2748 nec
675 2690 905 2768 interrogabam.
952 2691 997 2749 M.
1021 2709 1081 2749 non

63 2777 154 2837 habes
178 2778 233 2836 hec
252 2776 356 2836 dicere.
399 2778 534 2853 superius
552 2780 676 2854 tersisti,
699 2782 734 2837 ut-
752 2781 900 2838 invenires
925 2778 998 2855 quid
1020 2797 1081 2838 cre-

65 2867 155 2926 deres,
197 2865 245 2924 dic
273 2865 344 2942 quid
367 2865 530 2926 invenisti?
560 2867 607 2926 dic
631 2868 703 2942 quid
725 2867 823 2926 dixit?
863 2869 896 2926 P.
915 2870 961 2928 vis
984 2867 1081 2928 scire?

21 2979 50 3021 ac
64 2957 140 3015 dixit
163 2956 348 3015 calamitates
372 2955 559 3016 incredibiles
578 2958 639 3016 suis
662 2957 759 3017 causis
777 2957 986 3033 relinquendas
1010 2975 1080 3019 esse.

64 3046 110 3104 M.
129 3045 258 3103 minime.
301 3046 377 3123 elige
401 3048 502 3103 utrum
525 3048 633 3120 mavis,
657 3049 712 3104 aut
735 3047 894 3121 tormenta,
917 3049 970 3106 aut
993 3047 1080 3105 silen-

67 3205 99 3209 ..-
106 3205 118 3209 ..
153 3205 188 3209 ...η
195 3203 279 3210 ...α-η.

137 3303 296 3358 Ηὼιιίτοτ
317 3323 368 3359 cnr.
389 3314 416 3358 11
525 3304 654 3372 3quasi:
681 3305 744 3374 quis
768 3326 790 3358 ω
899 3305 1009 3373 bqucd
1038 3314 1083 3356 VB
1178 3320 1181 3325 ·

65 3382 80 3430 ‘1
101 3375 254 3430 silendum:
274 3375 418 3430 silentium
441 3385 486 3428 VB
565 3377 641 3445 qued
661 3376 695 3430 de
711 3387 738 3431 R
821 3381 854 3431 14
873 3376 953 3444 quid:
974 3376 1041 3444 quia
1064 3385 1085 3430 V

67 3452 100 3521 16
119 3446 200 3516 quid:
221 3446 270 3515 qui
284 3457 311 3501 11
377 3452 409 3501 19
429 3447 626 3517 interrogata
690 3447 835 3502 accensis
859 3457 904 3501 VB
966 3453 998 3503 21
1018 3463 1081 3516 per·

65 3517 193 3575 abserat?
266 3523 299 3572 22
319 3518 468 3588 adipsum
487 3529 526 3581 R,
595 3521 798 3574 materaria
877 3524 911 3571 26
930 3519 1006 3586 quod
1025 3535 1081 3572 nen

64 3589 166 3645 habuit
176 3621 208 3629 -—
219 3590 351 3644 deberem
368 3592 453 3645 matri
470 3592 597 3647 tribuerat
614 3612 637 3643 ω
710 3597 742 3644 31
761 3591 853 3645 maius
876 3600 922 3644 VB
