2430 3952
125 195 166 259 10
459 192 587 248 PARIES
606 192 800 249 PALMATVS

122 364 238 423 iuvenis
271 363 309 422 ad
339 361 533 439 parricidium
560 380 613 422 suo
644 365 832 439 potissimum
864 363 964 442 gladio
991 366 1138 424 uteretur.

122 453 264 512 nimirum
285 452 362 511 illud
382 451 415 510 in
437 453 567 511 mentem
589 453 672 510 venit
694 453 747 528 qui
770 454 834 511 erat
860 452 1026 512 relicturus.
1063 473 1140 514 nam

123 542 149 602 si
172 542 302 600 alienum
326 544 355 601 et
377 542 514 619 ignotum
535 542 567 600 in
585 541 706 601 vulnero
728 542 823 618 patris
846 541 980 620 gladium
996 542 1139 618 reliquis-

123 634 177 706 set,
199 632 340 706 potuerat
362 630 398 689 de
421 647 591 707 percussore
614 629 755 690 dubitari.
791 631 840 689 hic
859 631 963 690 attulit
980 648 1078 707 suum,
1101 635 1140 692 ut

123 720 240 779 etiamsi
267 722 421 794 evasisset,
454 721 555 777 tamen
582 720 661 777 ferro
691 737 744 779 suo
771 721 928 780 teneretur.
974 739 1027 780 cur
1053 739 1137 799 ergo,
1167 741 1179 782 s

122 809 230 884 inquis,
254 809 389 886 gladium
411 809 443 865 in
466 807 600 866 cubiculo
623 810 675 866 tuo
697 806 849 867 habebas?
878 809 949 885 quia
971 808 1139 870 habueram

122 917 245 975 semper,
268 899 340 973 quia
362 915 468 956 usurus
492 897 544 955 illo
563 915 623 955 non
641 915 730 956 eram.
768 898 879 957 ferrum
899 916 953 976 ego
971 899 1136 975 parricidio

121 1005 186 1045 meo
210 989 257 1046 tot
280 989 348 1044 ante
372 1004 465 1044 annos
488 985 665 1062 praeparavi
692 989 723 1044 et
745 986 906 1045 secundum
933 988 1022 1047 illum
1044 1006 1138 1063 quem

121 1074 259 1134 minabar
280 1076 362 1151 patri
384 1069 567 1154 <gladium>,
591 1075 708 1135 tamdiu
731 1074 870 1135 innocens
888 1076 940 1134 fui.
978 1095 1033 1154 ego
1052 1095 1138 1137 eram

121 1165 200 1238 ferro
224 1182 258 1222 ac
280 1166 378 1223 mente
401 1165 537 1239 paratus,
566 1166 597 1222 et
618 1166 665 1222 tot
688 1164 785 1223 abiere
809 1162 932 1224 noctes?
977 1168 1046 1225 ante
1070 1167 1137 1244 gla-
1152 1187 1178 1228 ro

122 1253 204 1310 dium
226 1252 313 1311 illum
334 1252 513 1311 familiarem
536 1253 628 1312 oeulis
651 1255 711 1312 tuis
734 1254 800 1327 feci,
824 1256 892 1312 ante
915 1253 1051 1314 omnibus
1074 1273 1137 1314 ser·

121 1343 199 1400 vulis
227 1345 340 1401 notum.
385 1341 528 1419 pependit
554 1342 586 1399 in
609 1340 757 1417 cubiculo,
780 1345 935 1418 tamquam
956 1345 1041 1403 testis
1065 1361 1137 1404 con-

121 1432 262 1491 scientiae
275 1450 367 1505 meae,
386 1432 496 1507 palam,
514 1432 547 1489 in
560 1430 667 1507 medio,
681 1432 879 1509 neglegenter,
894 1433 936 1490 sic
949 1433 984 1490 ut
997 1433 1137 1492 subtrahi

120 1523 228 1597 posset.
264 1538 324 1580 non
345 1521 433 1579 illum
456 1520 635 1580 conscientia
657 1521 775 1596 trepida
797 1521 917 1580 velavit.
958 1514 1022 1580 tam
1044 1523 1136 1582 notus

121 1611 153 1668 in
182 1609 316 1669 cubiculo
348 1610 408 1668 fuit
431 1629 521 1684 quam
544 1611 671 1668 caecitas
697 1609 817 1668 domini.
864 1611 998 1686 quisquis
1021 1611 1137 1670 fernim
1151 1631 1178 1673 ιε

120 1700 280 1775 praeparat
302 1699 418 1773 sceleri,
442 1700 484 1757 sic
506 1698 582 1756 illud
604 1697 707 1772 habet,
730 1701 765 1757 ut
786 1701 881 1774 possit
904 1717 991 1759 suum
1014 1718 1134 1777 negare.

85 1787 104 1840 9
188 1787 294 1846 Ponite
320 1805 400 1846 nunc
427 1790 497 1845 ante
524 1787 624 1846 oculos
652 1789 752 1846 actum
778 1788 944 1864 parricidii,
972 1786 1135 1863 deprehen-

121 1876 197 1935 detis
225 1875 441 1934 difficultatem.
487 1875 563 1934 dono
591 1875 680 1950 illud,
708 1876 778 1934 dum
801 1894 819 1934 a
842 1894 895 1936 suo
922 1876 1024 1936 limine
1049 1897 1135 1956 egre·

121 1964 212 2038 ditur,
234 1963 305 2021 dum
323 1964 391 2023 illos
415 1982 488 2039 quos
507 1965 622 2038 accepit
644 1969 774 2039 apatre,
797 1967 930 2025 servulos
953 1967 1041 2041 fallit,
1065 1985 1134 2027 ecoe

121 2052 289 2112 cubiculum
312 2054 389 2112 senis
412 2052 527 2111 invenit
548 2052 716 2128 aliquando,
741 2073 806 2114 ecce
828 2056 926 2131 paries
944 2055 996 2114 ille
1015 2055 1135 2130 defecit,
1149 2077 1177 2119 ao

121 2144 151 2202 et
178 2144 358 2218 percussoris
385 2159 490 2200 manus
519 2142 617 2200 subito
645 2142 794 2218 destituit,
823 2162 933 2203 cessere
960 2145 1038 2204 fores
1067 2145 1133 2206 sine

120 2231 256 2307 strepitu,
280 2230 351 2306 quid
373 2232 478 2306 postca
495 2229 580 2307 agit?
603 2233 704 2290 utrum
722 2225 820 2307 ipsum
839 2232 968 2292 cubiculi
985 2236 1134 2309 parietem

121 2321 269 2395 circumit,
294 2339 333 2379 an
356 2338 386 2379 se
410 2320 571 2379 committit
592 2322 625 2378 in
646 2321 777 2380 medium
800 2324 831 2380 et
852 2341 905 2398 per
928 2324 1027 2399 spatia
1048 2325 1133 2383 tene·

119 2409 240 2468 brarum
272 2412 418 2468 armatam
449 2429 570 2467 manum
600 2407 715 2468 iactet?
765 2429 829 2469 ecce
861 2412 956 2486 patris
988 2412 1133 2472 lectulum

119 2501 202 2557 tenet
220 2501 250 2557 et
272 2500 333 2557 iam
356 2498 566 2563 dormientium
590 2499 737 2559 anhelitus
756 2500 913 2559 imminens
932 2501 1029 2576 audit3
1052 2501 1134 2561 unde
1149 2523 1176 2564 ss

119 2590 194 2647 sciet
217 2607 277 2663 quo
300 2587 412 2664 dirigat
433 2585 565 2646 ferrum?
588 2608 676 2663 quem
699 2589 800 2665 potius
823 2588 912 2648 feriat
936 2608 970 2648 ex
994 2589 1134 2650 duobus?

118 2676 280 2753 temptavit
307 2695 376 2755 ergo
403 2677 504 2735 vultus
532 2678 562 2734 et
589 2680 692 2754 pectus
725 2677 895 2737 obiectum?
925 2679 1135 2739 brevissimam

118 2768 269 2843 periturae
291 2767 409 2824 animae
427 2765 508 2825 viam
531 2764 668 2841 quaerit?
692 2769 722 2826 et
741 2770 869 2842 quantus
893 2768 950 2827 erit
973 2785 1061 2845 sopor
1080 2772 1135 2843 qui

190 2940 206 2987 2
225 2934 559 3001 nimirum—relicturus
578 2952 627 2990 occ.
644 2948 664 2989 α
734 2937 782 3005 qui
802 2959 819 2990 α
838 2939 880 3007 (ic
899 2936 975 3006 quod
993 2954 1061 2993 corr.
1075 2939 1133 3008 m);

120 3005 187 3074 quia
206 3019 236 3070 βγ
307 3008 454 3074 4poterat
473 3015 509 3073 M,
529 3025 548 3059 u
565 3024 639 3076 supr.
654 3028 686 3059 m
759 3013 881 3063 ieram:
905 3024 938 3074 ea
957 3025 1034 3062 eram
1052 3019 1081 3061 Ρ

120 3076 287 3146 agladium
310 3078 373 3132 cdd.
394 3080 432 3133 Η.
453 3095 482 3146 p.
499 3082 550 3145 50;
573 3081 607 3147 cf.
627 3080 705 3133 Desa.
721 3096 750 3149 p.
766 3084 805 3133 87
891 3084 923 3132 10
947 3081 988 3134 et:
1012 3087 1027 3134 e
1049 3089 1078 3133 Β

120 3148 226 3202 abiere:
246 3148 372 3203 abiecere
394 3159 424 3215 V,
444 3149 521 3203 abire
539 3159 567 3203 P
620 3156 651 3203 11
672 3150 728 3203 tuis
748 3150 852 3203 occulis
875 3160 896 3202 V
951 3156 984 3204 12
1003 3152 1034 3205 in
1052 3153 1134 3205 cubi-

119 3219 181 3273 culo
200 3235 262 3273 meo
281 3229 305 3271 s
358 3225 390 3273 13
408 3222 441 3274 ut
459 3237 508 3276 cm.
526 3230 567 3289 Μ,
586 3238 707 3290 amm
768 3227 801 3274 17
820 3221 915 3275 oculos
935 3224 1030 3277 actum
1049 3235 1139 3279 cmv

119 3330 152 3380 18
180 3325 345 3380 facultatem
374 3335 415 3393 Μ,
443 3343 511 3381 corr.
535 3348 567 3379 m
639 3308 683 3380 su⁰
707 3336 729 3378 V
814 3332 847 3380 23
876 3327 975 3382 circuit
1003 3339 1043 3397 Μς
1078 3331 1134 3385 cir-

119 3397 250 3451 cuerits
304 3402 339 3450 24
357 3396 492 3451 lectulum
510 3397 599 3467 patris
619 3407 651 3451 Μ
707 3403 740 3451 25
760 3401 788 3453 et
807 3397 876 3452 iam:
896 3414 960 3453 ecce
978 3400 1036 3454 iam
1054 3402 1093 3457 H.

118 3497 259 3559 anhelitus
283 3503 482 3558 dormientium
505 3513 536 3557 Μ
619 3486 746 3558 immindb
768 3514 797 3558 Β
881 3511 914 3558 26
936 3507 1007 3560 sciat
1031 3516 1095 3571 rsty

118 3592 186 3646 quo:
205 3592 317 3646 quoquc
336 3589 351 3640 s
423 3581 456 3629 27
477 3575 617 3628 obiectum
636 3588 678 3639 sy:
699 3574 802 3630 obiecit
821 3589 860 3630 ao
