2430 3952
315 213 551 268 DECLAMATIO
570 213 633 267 XIV
649 219 682 267 12
701 213 751 266 XV
767 218 843 266 1-2.
1023 210 1087 276 277

72 383 148 443 dum
169 385 335 460 praesentis
361 385 462 442 reatus
489 382 703 460 indignumque
726 381 896 455 discrimen,
923 384 958 439 ut
982 381 1090 440 misera

76 473 178 549 puella
205 491 266 533 non
296 472 463 550 gratuletur
488 471 551 531 sibi
579 470 660 546 quod
691 470 775 531 illam
807 489 920 546 pauper
952 487 1090 528 accusare

76 565 138 621 iam
156 564 262 639 potest.
298 562 442 620 timuerat
454 561 566 634 infelix,
584 578 621 618 ne
639 559 770 619 remedio
788 578 841 619 suo
855 560 898 618 sic
910 561 1091 636 repugnaret

77 670 200 727 pauper,
223 652 259 709 ut
275 650 371 728 magis
390 652 567 725 amaretne
586 649 701 707 iuvenis
720 649 752 706 in
770 649 850 707 omni
874 667 980 725 genere
999 647 1091 706 animi

51 740 280 802 scortentiosus
309 757 343 798 ao
374 740 512 815 pertinax
543 738 695 814 potionem
725 737 811 797 illam
843 736 942 795 dolore
971 739 1091 795 coactae

72 829 218 888 *sanitatis
241 822 408 903 expelleret
445 828 528 902 bene,
551 827 631 902 quod
653 828 684 884 et
705 826 848 885 terribilis
871 828 901 884 et
923 826 1024 884 minax
1047 825 1092 883 est

77 938 201 996 pauper,
220 917 300 993 quod
316 935 445 993 poenam
462 918 604 990 nostram,
623 916 702 992 quod
719 915 893 993 sanguinem
910 913 996 991 petit.
1032 933 1092 972 non

79 1009 223 1083 expectes,
241 1008 276 1064 ut
294 1007 395 1065 statim
416 1007 529 1082 gratias
548 1007 621 1082 agat
639 1005 690 1081 qui
709 1006 832 1066 sanatur
849 1003 970 1062 invitus.
1006 1001 1091 1062 nobis

78 1099 193 1170 tamen,
224 1094 350 1168 iudices,
381 1094 556 1155 hodiernam
586 1095 726 1171 pauperis
752 1096 882 1152 mentam
908 1111 968 1150 non
994 1093 1092 1168 prima

40 1206 66 1245 ro
79 1186 178 1245 fronte
200 1184 399 1243 tractantibus
421 1183 603 1246 miserrimus
625 1184 741 1241 iuvenis
759 1183 890 1242 nondum
908 1181 1026 1240 videtur
1045 1199 1092 1238 ex·

79 1275 210 1351 plicitus,
229 1275 267 1348 et,
290 1272 408 1332 sibene
426 1271 533 1348 prioris
552 1271 666 1331 ardoris
684 1272 894 1348 inpatientiam
910 1272 990 1344 novi,
1013 1270 1094 1346 quod

81 1382 148 1421 cum
170 1363 298 1421 maxime
320 1362 408 1436 facit,
434 1363 494 1437 ira,
516 1379 576 1420 non
599 1360 700 1420 odium
723 1362 775 1420 est.
821 1359 955 1436 alioquin
978 1361 1004 1418 si
1025 1377 1093 1435 pro-

80 1453 198 1510 fecisset
223 1450 399 1525 remedium‚
428 1451 499 1509 eta
526 1449 651 1526 pristino
679 1449 778 1508 furore
806 1449 866 1507 iam
892 1449 969 1507 liber
993 1449 1092 1508 animo
1154 1439 1165 1447 ’

80 1541 267 1616 intellectum
290 1540 429 1598 sanitatis
453 1539 633 1612 admitteret,
656 1557 773 1597 omnem
797 1538 893 1596 adhuc
914 1537 1031 1613 puellae
1049 1538 1093 1595 vi-

40 1650 67 1691 re
81 1632 162 1688 taret
184 1647 345 1702 occursum,
368 1648 428 1687 non
451 1627 508 1687 sibi
526 1627 658 1686 crederet
680 1627 825 1685 ultionem
849 1628 879 1684 et
900 1628 999 1703 ipsum
1021 1645 1093 1701 quo-

82 1737 140 1794 quo
157 1718 260 1777 iudicii
278 1718 399 1776 timeret
417 1717 498 1777 adire
517 1717 699 1792 conplexum.
737 1715 917 1790 deprehensa
936 1718 989 1788 est,
1011 1717 1094 1790 puto,

81 1809 240 1868 novissime
268 1806 398 1882 potionis
426 1824 610 1881 supervacua
639 1805 801 1880 persuasio.
847 1808 941 1878 amat,
973 1804 1094 1879 iudices,

82 1900 165 1956 amat
188 1897 242 1971 qui
265 1894 399 1970 queritur
423 1896 501 1970 quod
524 1914 584 1954 non
608 1897 730 1953 ametur.

149 1984 226 2054 Quid
249 2003 338 2062 agam
360 1984 425 2059 hoo,
447 1984 568 2058 iudices,
591 1981 677 2042 loco?
700 1982 754 2042 sub
777 2001 836 2058 quo
851 1984 1092 2058 temperamento
1111 1977 1129 2033 2

41 2097 68 2134 so
82 2073 283 2133 defensionem
305 2074 504 2149 periclitantis
528 2069 705 2150 adgrediar?
727 2073 833 2146 timeo,
853 2091 901 2146 no,
924 2071 949 2130 si
972 2089 1094 2148 coepero

83 2164 320 2239 simplicissimas
346 2163 464 2238 puellae
487 2162 609 2222 laudare
634 2179 747 2235 mores,
769 2160 879 2220 referre
905 2160 1095 2236 probitatem,
1163 2186 1168 2200 ,

83 2271 183 2311 amare
205 2270 308 2310 rursus
325 2270 440 2328 pauper
456 2251 590 2328 incipiat.
622 2251 685 2309 sive
704 2251 792 2325 enim,
815 2250 935 2322 iudices,
957 2250 1095 2327 maligni-

81 2344 130 2400 tas
163 2343 208 2399 est
239 2341 439 2416 persuasionis
471 2341 621 2412 humanae¹
649 2340 777 2400 formam
804 2341 961 2399 vacantem
990 2357 1095 2397 vocare

82 2429 278 2503 meretricem,
300 2448 352 2488 seu
369 2430 496 2489 miserae
518 2447 626 2488 nomen
643 2429 675 2487 it
696 2429 830 2504 inposuit
853 2429 962 2504 aliquis
980 2430 1097 2486 amator

42 2540 70 2580 as
85 2520 133 2577 cui
156 2537 223 2577 oum
245 2518 375 2593 corporis
400 2517 488 2578 bonis
515 2519 637 2577 fortuna
663 2535 723 2577 non
751 2517 873 2576 tederet
897 2516 974 2574 unde
1002 2518 1097 2574 severi

83 2607 269 2667 matrimonii
290 2609 426 2667 castitati
441 2605 600 2681 sufficeret,
622 2605 772 2667 laboravit
789 2605 1012 2665 necessitatium
1031 2622 1096 2662 sua-

154 2801 172 2848 2
191 2793 360 2864 gratuletur:
380 2793 487 2848 tulatur
503 2803 532 2846 Β
609 2808 721 2847 accurre
740 2793 797 2846 iam
814 2808 871 2845 non
889 2792 983 2860 potest
1000 2799 1029 2842 Β

84 2866 162 2920 4in:
181 2883 238 2920 non
256 2875 285 2918 Β
354 2867 504 2919 tcoaotae
523 2881 556 2919 ea
575 2866 691 2918 aoactae
708 2873 737 2916 Β
803 2864 885 2933 6Ξθ1
902 2861 1036 2916 terribilis
1055 2871 1097 2929 Β;

80 2937 120 2995 ,de
139 2946 208 2990 nvo
278 2935 516 3007 tusanguinem
535 2946 562 2988 P
631 2936 800 3004 Sexspeout
817 2945 856 3000 Β,
874 2936 919 2987 tat
936 2943 1045 3002 sapsa

85 3011 162 3063 9tm
180 3022 206 3075 μς
225 3018 337 3063 manem
354 3017 393 3076 Β;
412 3018 513 3062 cornu
577 3012 608 3059 11
629 3006 712 3060 ardor
730 3015 758 3058 P
809 3012 873 3074 post
890 3004 1098 3074 impatientiam

83 3097 139 3135 ras.
150 3081 369 3140 16-18111111
420 3085 454 3138 12
473 3095 536 3137 cum
553 3087 681 3141 emmo
731 3076 887 3155 proficisset
900 3085 927 3128 Β
981 3080 1014 3129 16
1033 3092 1098 3129 con-

85 3149 210 3219 plexum:
226 3166 387 3206 consessum
400 3149 473 3218 aa,
490 3165 625 3203 conexum
638 3150 716 3204 Desa
774 3152 806 3201 17
826 3149 904 3201 amat
917 3147 1033 3202 alterum
1046 3164 1096 3202 om.

86 3267 119 3323 Ρ,
138 3257 202 3311 add.
216 3279 237 3321 p
292 3262 325 3311 19
343 3237 566 3326 tempiramento
585 3265 612 3308 Β
665 3258 699 3308 20
716 3271 753 3308 ne
772 3255 810 3309 si:
829 3254 884 3307 nisi
902 3264 931 3307 Β
983 3259 1097 3322 21pro-

86 3344 200 3435 bitatim
218 3391 251 3435 Β
332 3387 366 3435 28
384 3381 491 3435 formae
510 3381 568 3435 Set.
656 3384 690 3433 24
708 3379 809 3434 misere
827 3378 960 3449 probrum
977 3371 1116 3432 nominis'

85 3452 192 3506 iudicas
215 3453 350 3522 imposuit
373 3452 435 3506 ioco
455 3452 558 3521 aliquis
581 3457 626 3506 ect.
647 3460 679 3504 Μ
747 3450 868 3505 nominis
887 3459 938 3503 BV
1004 3449 1055 3503 iud
1073 3458 1101 3502 Β

87 3530 120 3578 25
140 3524 198 3579 cui:
218 3524 285 3592 quia
302 3525 358 3579 Bu.
423 3523 497 3577 bona
515 3531 575 3576 ΒΜ
642 3537 672 3575 se
691 3522 748 3576 veri
766 3532 799 3587 Vc
871 3520 1099 3576 necessitatis:

86 3599 127 3650 -te
146 3616 168 3647 ω
239 3595 439 3649 nmessitatum
461 3604 515 3659 uso
1096 3635 1100 3640 ,
