2430 3952
128 198 195 264 368
405 198 861 256 EXOEltP‘lAMONAOENSIA.

119 369 215 443 ⁴fanis,
248 367 360 429 faceres
395 388 430 427 ex
462 368 614 429 cadavere.
663 371 690 428 si
721 371 801 428 eninr
831 372 947 447 potest
963 369 1153 446 deprehendi

126 457 268 534 languor,
297 458 368 517 dum
390 458 513 532 oceidit,
542 456 673 533 faoiliuS,
702 476 769 517 oum
798 459 948 518 oooiderit.
988 461 1152 536 praetereo

125 547 249 624 negavit
270 549 356 622 pater
383 548 414 606 et
434 547 566 607 medicus
594 547 738 606 interesse
765 566 855 622 quem
878 548 1034 607 oooideret.
1081 549 1151 625 hoo,

116 636 153 694 si
182 635 258 695 alter
286 637 424 711 perisset,
457 635 637 713 probaverat
666 637 826 711 utrumque
860 638 1041 712 periturum,
1078 657 1151 699 oum

121 725 291 799 oonvaluit,
317 724 426 800 probat
452 727 614 803 utrumque
641 726 798 784 victurum.
844 725 944 785 felioes
971 726 1067 802 igitur
1094 729 1150 803 qui
1175 748 1186 788 s

125 812 270 891 languore
291 815 474 889 moriuntur,
498 816 551 889 qui
573 832 724 889 supremos
748 814 897 875 anhelitus
919 816 999 874 inter
1021 834 1149 877 suorum

124 903 291 981 amplexus,
320 902 399 962 inter
421 922 542 963 suorum
565 902 698 978 alloquin
725 904 897 979 posuerint.
938 903 987 962 hie
1009 904 1043 961 in
1065 905 1148 968 laeto

123 990 273 1051 distensus
297 993 350 1065 est,
373 991 457 1051 adest
475 991 615 1066 carnifex,
637 1009 692 1050 neo
709 993 810 1067 ipsum
832 1011 892 1051 uno
914 991 978 1051 iotu
1000 992 1149 1054 interficit

41 1123 49 1136 .
121 1080 177 1140 sed
199 1081 293 1139 telum
315 1079 441 1158 infigens
463 1079 562 1156 ipsum
580 1081 728 1157 paulatim
751 1082 782 1139 et
803 1081 912 1140 leviter
933 1101 987 1157 per
1008 1083 1148 1142 membra

124 1169 232 1228 vitalia
257 1169 416 1246 protrahit.
457 1169 567 1229 dieitur
599 1171 638 1228 ei:
668 1170 820 1246 patienter
849 1170 958 1244 tolera,
985 1170 1147 1231 sanabitur
1160 1193 1182 1234 ro

122 1259 230 1332 frater,
259 1276 330 1317 eave
357 1277 394 1317 ne
420 1259 535 1318 viseern
558 1257 692 1317 anhelitu
715 1259 886 1336 gemituque
909 1260 1078 1335 oonoutias,
1107 1281 1146 1321 ne

124 1347 288 1406 remedium
309 1349 413 1424 pereat
436 1348 576 1407 alienum.
616 1367 720 1423 passus
748 1350 794 1407 est
815 1348 905 1407 miser
927 1348 1146 1409 disourrentem

123 1456 177 1512 per
200 1437 299 1496 omnia
316 1436 440 1496 reserati
462 1438 590 1513 pectoris
609 1436 778 1513 improbum
795 1455 890 1514 vagae
908 1437 982 1497 artis
1001 1457 1144 1498 errorem.

118 1524 275 1587 ¹clamabat
309 1528 379 1602 post
413 1526 526 1585 foribus
563 1525 671 1585 clausis
707 1528 817 1584 mater:
856 1525 939 1600 audi,
975 1528 1144 1587 miserrime

122 1614 252 1688 iuvenis,
283 1614 309 1673 si
336 1614 403 1691 quis
427 1615 522 1674 adhue
545 1614 602 1673 tibi
629 1617 763 1690 superest
789 1633 905 1688 sensus,
933 1616 1053 1690 exaudi,
1082 1637 1145 1676 non
1158 1637 1180 1678 ιε

118 1705 260 1780 ,permisit
280 1703 337 1763 hoo
358 1705 463 1763 mater.
509 1703 594 1762 erede
617 1703 742 1762 orbitati
763 1722 859 1777 meae,
890 1703 975 1762 erede
997 1704 1144 1780 lacrimis,

122 1811 177 1852 neo
199 1793 293 1852 frater
321 1794 378 1852 hae
405 1793 497 1851 vellet
522 1794 639 1852 ratione
669 1795 777 1852 sanari.
822 1794 901 1851 inter
928 1793 1001 1852 haee
1028 1795 1143 1870 impius

121 1884 209 1957 pater
231 1901 291 1941 una
314 1900 383 1941 oum
408 1882 522 1940 medieo
545 1881 718 1940 intuebatur
740 1883 854 1941 viseera
880 1880 944 1955 filii,
966 1881 1067 1957 ipsum
1091 1884 1142 1943 de·

122 1969 239 2028 tinebat
262 1969 400 2045 alloquiis
424 1972 455 2027 et
476 1989 567 2028 manu
589 1970 698 2029 medioi
720 1971 827 2029 vitalia
848 1970 1067 2030 necabantur.
1093 1973 1143 2032 dio

121 2077 206 2136 ergo,
236 2058 348 2117 medios
376 2059 527 2133 imperite,
557 2059 702 2134 numquid
733 2061 834 2134 potuit
864 2059 979 2118 medico
1010 2064 1142 2120 sanante
1156 2083 1180 2122 so

122 2149 223 2206 vivere
246 2147 300 2222 qui
322 2149 386 2205 tam
409 2146 461 2208 diu
483 2147 572 2220 vixit,
600 2146 671 2205 dum
696 2148 848 2206 oooiditur.
889 2148 937 2207 hio
961 2150 1062 2207 autem
1087 2154 1144 2226 qui

119 2238 270 2311 superstes
300 2238 345 2295 est
375 2237 405 2294 et
432 2254 535 2311 sanus,
563 2237 595 2294 in
624 2237 759 2296 custodia
781 2255 848 2295 mea
869 2236 937 2311 plus
970 2257 1005 2296 ex
1035 2238 1142 2299 dolore

121 2324 224 2384 fratris
246 2327 397 2400 pereuntis
421 2344 512 2400 quam
534 2344 569 2383 ex
591 2327 712 2402 proprio
734 2325 837 2385 morbo
865 2326 1035 2404 languebat.
1078 2348 1142 2388 non

121 2413 180 2472 fuit
207 2433 278 2491 ergo
308 2415 371 2473 solo
401 2414 544 2492 languore
571 2416 721 2490 periturus
753 2434 841 2491 quem
870 2435 930 2474 non
959 2417 1061 2491 potuit
1083 2437 1142 2478 neo

120 2521 200 2563 mors
223 2504 325 2562 fratris
344 2502 484 2562 oooidere.
529 2505 587 2563 iste
605 2505 658 2580 qui
676 2506 824 2579 superstes
844 2506 897 2579 est,
920 2522 979 2562 non
998 2507 1044 2563 est
1060 2507 1179 2568 mihin

119 2593 244 2667 solaoio,
276 2593 327 2652 sed
358 2594 390 2650 in
421 2611 456 2651 eo
492 2593 601 2652 ootidie
637 2594 763 2668 respicio
795 2593 923 2651 alterum
953 2596 1139 2668 pereuntem

77 2721 80 2727 -
119 2682 184 2755 ipse
206 2683 298 2740 etiam
317 2684 362 2740 est
383 2683 416 2739 in
439 2681 633 2742 afflictatione
656 2683 804 2756 continua,
827 2699 895 2740 oum
917 2681 974 2740 sibi
997 2682 1141 2744 videatur

120 2788 183 2830 esse
196 2770 326 2847 pretium
340 2771 442 2829 fratris
459 2772 556 2830 oooisi.
597 2773 669 2829 tuno
687 2789 829 2829 conversa
846 2773 942 2830 mater
956 2771 994 2829 ad
1008 2772 1141 2833 cadaver

5 2912 12 2945 ξ
121 2859 211 2918 oooisi
234 2860 285 2917 ait:
309 2859 397 2934 ofili,
421 2879 489 2919 eum
509 2859 692 2934 oooidereris,
715 2859 832 2937 ingredi
855 2859 1024 2918 oubioulum
1047 2861 1087 2920 ad
1107 2865 1139 2922 te

119 2966 179 3006 non
196 2950 283 3023 potui
301 2949 353 3008 sed
366 2949 438 3008 foris
457 2951 539 3008 stans
558 2948 615 3008 feei
634 2947 714 3024 quod
726 2948 820 3023 potui,
834 2967 893 3007 non
907 2949 993 3008 liouit
1010 2950 1137 3027 inune,
1153 2974 1179 3014 eo

119 3038 155 3094 ut
172 3037 295 3095 vulnera
308 3040 362 3096 tua
375 3039 449 3096 meis
463 3031 639 3115 te[r]gerem
652 3037 815 3096 visceribus
830 3040 860 3096 et
873 3055 961 3113 super
979 3039 1138 3100 carissima

119 3125 253 3185 membra
269 3129 478 3201 prosternerer.
516 3145 593 3185 nuno
613 3145 669 3204 ago
688 3126 767 3201 quod
780 3144 909 3202 possum,
928 3145 1034 3202 eorpus
1054 3130 1138 3204 quod

118 3213 281 3287 reliquerat
298 3217 385 3290 pater
403 3219 433 3274 et
452 3216 543 3274 etiam
563 3216 703 3289 medicus,
726 3216 781 3274 hoo
804 3215 871 3274 sinu
889 3218 998 3274 misera
1016 3217 1138 3296 eollegi,

119 3303 272 3376 amplexor
290 3307 320 3362 et
338 3305 461 3364 oseidor.
503 3306 626 3379 propter
643 3304 768 3362 fratrem
788 3304 897 3363 videris
917 3307 1037 3364 occisus.
1080 3327 1138 3368 nec

118 3392 220 3452 tamen
242 3412 373 3466 unquam
397 3395 531 3453 constare
553 3393 678 3469 poterit,
705 3410 744 3450 an
766 3394 801 3451 tu
824 3394 975 3453 sanaveris
998 3394 1136 3456 fratrem.
1150 3417 1177 3458 ss

190 3583 223 3632 16
241 3596 303 3633 meo
323 3589 355 3633 M

748 3690 833 3712 *-
