2430 3952
388 195 622 250 DEGLAMATIO
641 195 692 249 XII
706 201 783 250 1-7.
1025 196 1091 260 223

144 365 207 424 Nos
229 366 348 424 interim
373 366 476 424 coacta
497 367 595 440 primo
620 385 654 424 ex
677 363 756 440 agris
784 383 890 440 pecora
914 364 1090 440 diripuimus

78 456 117 529 et,
139 474 176 513 ne
193 456 318 513 venturo
338 454 444 513 saltem
463 473 541 513 anno
559 453 690 529 prospici
706 456 817 528 posset,
839 473 898 513 non
916 454 1090 529 reliquimus

78 542 130 618 qui
153 546 286 617 ararent,
313 543 411 602 boves
457 543 518 600 iarn
544 544 636 602 servis
663 544 750 620 fugas
777 542 1002 617 imperavimus,
1029 545 1090 601 iam

76 632 301 709 procumbentes
321 635 389 689 ante
408 632 514 691 limina
532 633 702 708 principum
719 649 865 707 pauperes
882 633 914 690 in
933 633 1006 708 ipsis
1024 652 1091 708 pre-

47 721 160 782 scibus
188 722 331 797 expirant.
376 720 565 795 plorantibus
592 721 694 779 liberis
721 720 854 797 legatum
877 721 1089 795 promittimus.

76 811 137 869 iam
164 812 284 868 tantum
312 809 368 868 sibi
396 810 520 886 quisque
548 828 619 868 cura
651 812 702 868 est.
748 809 824 867 nihil
854 811 955 868 tamen
984 809 1090 869 horum

76 900 169 956 etiam
190 917 269 956 nunc
290 896 322 956 in
344 898 489 956 invidiam
512 899 606 975 legati
629 917 743 974 queror,
767 898 863 958 adhuc
885 900 967 973 prior
986 917 1089 958 cursus

76 989 129 1046 est.
165 988 308 1046 hactenus
326 990 428 1045 nostra
446 988 527 1045 mala
549 988 683 1062 tulimus,
706 989 738 1045 in
756 987 872 1063 reliqua
894 988 1011 1065 legatus
1033 1006 1087 1046 nos
1108 990 1122 1044 V

75 1075 203 1136 vicarios
226 1076 316 1135 dedit.
353 1076 379 1135 si
403 1076 563 1151 quicquam
586 1076 643 1135 tibi
664 1077 788 1134 humani
811 1078 964 1153 sanguinis
988 1094 1088 1152 super-

35 1185 62 1225 11
76 1166 130 1239 111,
152 1166 212 1224 nisi
229 1165 322 1224 nimia
341 1168 500 1224 saturitate
519 1166 634 1224 alienae
653 1167 789 1225 fortunae
808 1166 952 1243 cogitatio
972 1165 1089 1239 excidit,

75 1255 190 1330 respice
207 1256 324 1331 patriae
343 1273 451 1329 casum,
474 1256 588 1330 respice
607 1256 813 1331 gravissimam
835 1255 995 1314 fortunam
1033 1256 1088 1312 mi-

76 1344 134 1402 seri
156 1345 187 1401 11
210 1345 355 1417 misimus,
379 1345 536 1418 expectant
557 1343 664 1419 pallidi
688 1361 910 1421 exsanguesque
933 1345 1011 1403 cives
1034 1344 1089 1419 tui,

75 1435 107 1491 et
130 1432 273 1508 quicquid
296 1433 420 1491 extremi
442 1432 564 1508 spiritus
584 1433 679 1490 adhuc
698 1436 840 1507 superest,
863 1451 914 1508 spe
933 1433 979 1491 tui
996 1433 1089 1490 trahi-

74 1523 133 1580 tur.
170 1521 266 1599 figura
287 1521 345 1581 tibi
363 1539 464 1580 exesos
482 1522 593 1595 vultus,
616 1521 831 1580 decrescentem
851 1521 1005 1597 populum,
1027 1522 1089 1579 iam

34 1629 60 1671 1s
75 1613 280 1686 praemortuas
303 1612 389 1668 vires.
436 1611 671 1686 necquicquam
697 1611 803 1668 borum
829 1613 915 1686 potes
942 1611 1089 1688 ignorare,

76 1700 102 1758 si
126 1699 198 1774 quid
219 1699 277 1758 tibi
299 1699 459 1773 credimus,
486 1698 565 1757 fame
592 1698 779 1758 laborantem
802 1700 954 1758 civitatem
977 1699 1087 1758 vidisti.

75 1788 194 1862 festina,
208 1787 278 1846 dum
292 1789 451 1864 supersunt
465 1787 571 1862 quibus
585 1788 765 1866 legationem
779 1788 940 1847 renunties.
970 1788 1088 1862 festina,

76 1876 146 1935 dum
167 1879 245 1935 mori
267 1876 408 1936 ultimum
431 1880 482 1935 est.
529 1878 677 1936 frumento
702 1877 785 1954 digni
809 1895 917 1936 sumus,
959 1877 1034 1952 quid
1056 1878 1088 1935 in

74 1984 128 2025 nos
159 1966 305 2024 convertis
338 1967 428 2025 etiam
461 1966 577 2024 alienae
606 1967 737 2025 civitatis
766 1964 896 2025 famem?
942 1970 1087 2042 quatenus

32 2075 61 2115 so
74 2055 160 2114 nobis
179 2055 411 2131 computandum
434 2059 492 2114 est:
515 2057 689 2131 propterte
712 2055 837 2132 duplum
859 2056 932 2114 mali
955 2056 1086 2114 tulimus.

74 2146 108 2203 tu
132 2162 222 2219 supra
244 2144 425 2202 trumentum
448 2143 600 2219 publicum
623 2144 724 2203 stertis
748 2148 778 2203 et
801 2146 896 2203 omnis
919 2145 1009 2203 maris
1033 2145 1086 2203 cir-

74 2236 245 2292 cumvectus
268 2251 334 2293 oras
357 2233 447 2291 litora
470 2236 633 2309 portusque
657 2235 816 2309 cognoscis.
854 2236 890 2291 tu
913 2235 991 2293 inter
1014 2233 1086 2292 duas

74 2322 213 2381 civitates
240 2322 372 2380 fatorum
400 2322 518 2396 arbiter,
546 2322 661 2381 alienae
690 2323 832 2397 conditor,
864 2324 934 2381 tuae
962 2342 1087 2396 eversor,

74 2411 202 2478 salutem
216 2413 349 2469 nostram
366 2411 530 2488 peregrinis
545 2411 696 2470 admetiris
716 2415 745 2469 11
763 2411 891 2470 secunda
909 2413 1087 2487 tempestate

33 2519 59 2560 ss
74 2500 107 2559 in
138 2501 269 2575 patriam
300 2501 413 2558 ferente
445 2502 610 2559 contrarios
639 2504 743 2559 ventos
776 2502 905 2576 exoptas.
952 2519 1004 2559 nos
1034 2519 1088 2575 per

75 2591 191 2648 arentes
214 2588 299 2647 effusi
322 2607 441 2664 campos
463 2591 655 2648 morientium
683 2590 843 2648 herbarum
864 2588 979 2648 radices
1001 2589 1085 2647 velli-

73 2695 149 2752 mus,
172 2679 267 2737 omnis
290 2678 404 2736 radices
423 2678 569 2753 vellimus,
593 2697 627 2737 eo
646 2678 765 2754 quidem
783 2679 899 2752 1111111,
921 2681 956 2735 ut
979 2679 1004 2736 si
1022 2677 1087 2736 fieri

145 2934 364 3005 arelinquimus
383 2945 435 2988 BV
449 2938 478 3004 (n
497 2936 546 2989 del.
562 2937 589 3005 o)
651 2936 773 2990 3bovus
792 2945 826 3002 B,
845 2946 946 2990 corso
1010 2935 1086 2989 'lin-

72 3007 179 3061 vidiam
197 3011 213 3061 1
231 3006 320 3077 legati
337 3016 365 3059 B
450 3012 482 3060 10
501 3007 589 3060 minia
607 3016 629 3059 V
714 3006 807 3061 excidi
824 3016 858 3074 B,
877 3009 890 3061 t
907 3018 1015 3077 semo

75 3078 225 3134 13111111
245 3077 360 3131 cui?11
418 3084 450 3131 15
470 3079 609 3146 quidquid
627 3088 655 3131 P
698 3079 799 3152 ⁸potest
816 3088 844 3131 B
901 3078 1085 3133 1711111111-

72 3150 197 3203 nandum
215 3158 256 3202 VJ
315 3155 348 3203 18
364 3156 428 3218 post
445 3152 488 3203 est
507 3149 570 3204 add.
590 3149 707 3222 festinat
734 3151 802 3203 dum
829 3152 957 3219 superest
983 3151 1085 3220 quibus

72 3221 242 3290 legationem
265 3222 408 3274 renunties
426 3230 464 3287 33
490 3221 681 3275 festinandum
704 3223 848 3291 supergest
871 3225 894 3291 (s
913 3224 959 3291 er.)
983 3221 1085 3291 quibus
1163 3277 1169 3287 ,

72 3292 243 3362 legationem
261 3292 404 3346 renunties
423 3302 444 3344 V
495 3297 527 3346 11
548 3309 632 3361 supra
651 3306 731 3356 oms
783 3292 929 3361 publicum
948 3310 999 3348 om.
1015 3303 1037 3345 V

72 3374 240 3428 1111111711
309 3364 479 3418 circovectus
497 3374 525 3417 Ρ
604 3371 637 3417 11
656 3365 739 3417 borae
758 3374 779 3416 V
854 3365 998 3434 cognoscit
1015 3373 1037 3416 V

72 3441 106 3490 13
126 3434 257 3489 adversor
275 3443 308 3488 ιι
376 3440 410 3488 14
429 3435 663 3504 peregrinationis
682 3445 741 3489 ΒΜ
810 3435 955 3490 admonitis
973 3445 1012 3502 33
1036 3434 1085 3489 ad-

71 3506 154 3560 metis
169 3515 201 3559 Μ
253 3510 286 3558 11
304 3505 412 3560 ferente
432 3519 459 3560 s:
479 3505 599 3560 ferentes
618 3507 785 3578 (-tis11)o;
803 3507 925 3561 ferentes
943 3506 1050 3560 babens
1070 3518 1086 3558 1

72 3583 105 3632 17
125 3577 215 3631 omnis
232 3577 342 3632 radices
360 3577 488 3631 vellimus
507 3596 557 3633 om.
573 3588 618 3643 Μβ
