2430 3952
73 383 110 438 19

125 193 198 258 3182
446 187 630 246 VENENVM
648 190 819 246 Essvsvu

190 361 276 421 Licet
297 361 392 439 igitur
414 379 492 421 nova
514 380 562 421 me
584 363 685 420 reatus
703 360 781 420 mole
801 362 969 436 convenias,
992 380 1052 421 non
1071 381 1147 438 pae-

124 450 202 510 nitet
223 453 324 509 temen
346 450 470 526 flexisse,
492 469 552 510 non
569 452 712 527 paenitet,
734 450 822 508 illum
840 450 980 526 spiritum
997 451 1147 529 rigorem·

126 560 183 616 que
214 539 371 615 pereundi:
401 543 557 614 tamquam
588 538 739 615 parricida
768 538 924 598 moriebar.
970 541 1057 615 pater
1091 543 1148 616 qui

28 683 36 693 ,
126 630 260 705 queritur
287 629 367 703 quod
393 647 453 688 non
480 628 557 703 bibi,
585 630 648 688 iam
673 647 752 687 nuno
780 628 902 687 diceret:
931 622 1146 704 ‘deprehensus

126 721 202 794 erat,
230 737 340 795 negare
362 737 421 778 non
447 713 586 795 poterat.²
634 735 727 778 essem
749 736 827 776 nunc
849 720 897 776 ter
920 717 1089 794 abdicatus,
1113 722 1147 777 et
1173 740 1185 780 s

123 827 172 867 me
194 806 385 867 contenderet
408 806 446 866 ad
468 807 581 866 iudices
602 825 685 870 meos
706 805 802 865 redire
824 826 885 866 non
909 825 1022 865 ausum
1068 806 1147 867 bene

125 896 207 973 quod
229 896 272 956 sic
291 895 389 971 effudi,
412 900 568 970 tamquam
585 913 690 955 mrsus
707 896 772 955 vita
789 896 959 972 placuisset.
995 914 1147 955 venenum

126 986 206 1062 quod
222 985 374 1045 videretur
392 984 617 1061 deprehensum,
639 1003 725 1044 nemo
747 984 814 1044 ideo
833 984 942 1044 bibisse
966 985 1146 1060 crederetur,

125 1075 197 1151 quia
224 1074 283 1134 sibi
309 1076 478 1149 paraverat.
525 1073 572 1133 dio
595 1092 686 1132 nuno:
715 1069 786 1132 ‘non
809 1073 854 1132 fui
876 1091 1028 1149 passurus,
1049 1075 1077 1133 si
1098 1074 1145 1133 bi·

123 1163 193 1223 bere
221 1159 384 1223 voluisses?
431 1162 536 1222 deinde
562 1163 619 1222 hoc
646 1164 688 1222 sic
715 1162 837 1239 probas,
864 1165 900 1221 ut
920 1181 968 1220 me
994 1162 1144 1239 hodieque
1159 1186 1184 1225 re

125 1255 239 1313 coneris
258 1251 399 1312 occidere.
438 1247 508 1311 ‘non
532 1270 598 1310 eras
620 1247 781 1329 passurus?
819 1251 947 1327 quando,
969 1250 1144 1328 perfidem,

123 1340 211 1401 inicis
237 1339 364 1401 manus?
391 1342 491 1418 potuit
519 1340 636 1415 eadem,
661 1340 762 1417 potuit
784 1342 888 1418 peragi
909 1340 1058 1399 brevitate
1082 1360 1145 1417 qua

124 1431 260 1490 iusseras.
307 1425 379 1491 ‘non
405 1449 470 1490 eras
503 1425 663 1507 pessume?
711 1428 816 1488 deinde
848 1447 907 1488 non
933 1430 1077 1505 timuisti,
1104 1450 1144 1490 ne

124 1520 199 1580 mihi
223 1522 355 1578 animum
376 1519 521 1595 pereundi
543 1520 592 1579 vel
614 1519 671 1578 hoc
693 1518 805 1578 faceret
822 1518 903 1593 quod
926 1518 1072 1595 putabam
1094 1538 1143 1578 me

122 1609 226 1668 iuberi.
273 1610 389 1668 facinus
417 1611 475 1683 est,
502 1610 528 1668 si
554 1609 680 1684 morior,
707 1609 744 1666 ut
770 1609 875 1684 postea
902 1610 1074 1683 quaeratur,
1102 1627 1143 1668 an
1157 1629 1181 1670 ιε

123 1700 253 1759 volueris
281 1698 421 1758 occidere.
467 1701 502 1757 tu
528 1698 600 1756 lieet
626 1696 773 1757 invidiam
799 1696 880 1756 vocis
908 1696 991 1756 illius
1016 1696 1143 1758 alterius

122 1789 231 1847 mentis
255 1788 444 1847 simulatione
463 1785 612 1863 defendas,
636 1786 762 1845 occisuri
779 1787 881 1844 tamen
899 1785 958 1844 fuit
974 1787 1074 1861 ipsum
1093 1805 1143 1846 ex·

123 1879 329 1953 perimentum.
374 1895 429 1935 nec
455 1876 581 1935 interest
611 1876 734 1953 rigoris,
766 1873 913 1950 quaedam
940 1875 1066 1950 patiaris
1101 1895 1143 1935 an

123 1968 259 2043 temptes.
304 1983 468 2039 numquam
489 1964 622 2023 movebit
648 1966 765 2040 petrem
787 1963 868 2021 filius
895 1963 952 2022 hoc
975 1964 1055 2039 quod
1077 1984 1142 2025 mo·

123 2054 210 2130 ritur,
232 2072 320 2129 quem
343 2071 403 2111 non
424 2055 520 2112 movit
541 2053 598 2112 hoo
621 2052 699 2127 quod
721 2054 846 2129 paratus
869 2054 915 2110 est
936 2052 1020 2111 mori.
1156 2076 1181 2115 so

192 2141 270 2212 Quid
296 2160 374 2200 nunc
401 2142 523 2215 faciam,
550 2140 677 2215 iudices,
704 2142 941 2219 pertinacissimo
964 2141 1078 2219 rigori?
1108 2143 1141 2201 in

125 2231 205 2306 quod
231 2250 280 2290 me
307 2248 473 2307 conponam
499 2232 663 2306 patientiae
694 2228 809 2308 genus?
853 2230 961 2289 videtis
989 2231 1142 2291 hominem

124 2341 211 2396 quem
244 2319 343 2379 nullus
375 2319 468 2378 animi
500 2320 559 2378 mei
591 2322 687 2379 status
715 2322 827 2394 mutat,
855 2339 943 2395 quem
971 2322 1142 2380 constantia

123 2413 239 2483 nostra,
267 2428 355 2484 quem
382 2407 505 2468 offendit
530 2408 697 2468 iufirmitas.
730 2411 843 2480 ‚vivere
866 2409 948 2468 volo:
971 2409 1141 2485 proturbat,

123 2500 253 2575 expellit.
299 2499 375 2557 mori
398 2516 499 2558 conor:
522 2498 709 2574 interpellat,
732 2499 873 2575 exagitat.
919 2498 981 2556 iam
1003 2498 1141 2559 fortassis
1155 2520 1181 2561 rs

123 2588 250 2664 aliquid,
283 2589 309 2646 si
340 2587 424 2647 nobis
455 2587 603 2662 hodieque
635 2588 791 2647 clementia
823 2589 923 2645 vestra
951 2590 1141 2663 succurrerit,

123 2679 255 2756 paravit,
277 2677 402 2736 invenit.
448 2677 500 2752 qui
521 2675 602 2751 finis,
625 2677 691 2753 quis
715 2677 810 2735 exitus
832 2675 1052 2734 incredibilium
1074 2696 1139 2736 ma-

195 2917 322 2972 ifixisse
340 2926 401 2985 Βνς
424 2916 536 2970 finxisse
556 2925 631 2982 Μβσς
653 2933 720 2972 corr.
738 2916 786 2971 Gr.
878 2921 894 2968 3
914 2921 978 2985 post
1000 2918 1140 2985 pereundi

124 2988 187 3044 add.
208 2989 392 3059 assumpsisse
405 2997 439 3041 Μ
497 2987 650 3057 parricidia
668 3001 684 3052 β
746 2993 761 3040 5
781 2989 825 3041 ter
843 3005 892 3042 om.
908 2997 942 3055 ες
960 2987 1014 3040 tibi
1033 2997 1066 3054 P,
1086 2990 1138 3044 del.

123 3113 196 3151 man.
211 3101 228 3148 3
283 3102 298 3150 6
317 3078 424 3150 iudices
442 3104 471 3148 Β
523 3100 539 3148 8
558 3094 975 3163 deprehensum-crederetur
993 3111 1042 3148 om.
1058 3103 1087 3147 Β

124 3166 320 3221 credederetur
337 3176 369 3220 Μ
457 3165 562 3220 ebibe
580 3174 608 3218 Β
696 3170 730 3219 10
753 3166 805 3220 sic:
825 3165 850 3219 si
869 3187 887 3218 a
978 3171 1009 3218 11
1034 3165 1090 3220 fide
1107 3177 1141 3220 Μ

124 3244 157 3294 16
173 3239 358 3307 quaeriturB
405 3243 469 3308 post
482 3239 616 3321 queratur
629 3253 664 3292 er.
680 3253 713 3291 oc
731 3246 752 3288 V
803 3242 836 3290 16
850 3235 973 3290 nolueris
987 3239 1072 3307 Β(οκ
1086 3255 1140 3291 nu-

121 3360 217 3432 meris,
235 3380 303 3418 corr.
319 3361 368 3430 o?)
388 3372 419 3415 Μ
474 3327 603 3416 vocdlius
621 3370 650 3414 Β
666 3364 750 3432 (supr.
766 3361 795 3430 o)
854 3361 966 3431 {vocis
985 3363 1066 3430 (4-5
1085 3362 1138 3418 litt.

122 3437 171 3504 er.)
193 3444 222 3502 1⁷3
240 3432 319 3488 illius
337 3450 387 3487 oon.
410 3442 447 3500 Μ,
465 3435 497 3487 ia
517 3450 604 3505 musy.
622 3455 654 3486 m
743 3432 1054 3500 commissorum
1078 3450 1138 3488 mo·

122 3508 170 3560 vet
187 3515 216 3558 P
275 3511 309 3558 22
329 3505 398 3574 quid
415 3514 444 3558 Β
503 3511 536 3558 23
556 3507 646 3559 status
665 3521 698 3560 ec
716 3503 830 3559 stutatis
849 3513 878 3557 Β
929 3504 1142 3561 conscientias

121 3583 156 3632 27
176 3578 239 3647 quis
257 3576 321 3631 finis
341 3585 406 3640 Μβσ

1022 3652 1169 3727 nu„
