2430 3952
371 218 606 280 DECLAMATIO
625 225 688 279 XIX
703 230 798 280 8-10,
1028 225 1095 290 345

79 395 236 452 exarserat.
269 393 395 453 timebat
418 412 564 469 occursus,
585 413 645 453 non
669 395 798 453 audebat
821 394 903 454 adire
927 395 1095 470 conloquia,

80 481 190 556 oscula,
205 484 416 558 convictusque
432 483 576 560 fugiebat.
608 482 739 543 breviter
752 483 971 560 perditissimae
985 485 1093 543 mentis

81 570 246 630 definienda
264 590 402 631 mensura
421 575 473 632 est.
507 571 610 632 oderat
625 592 673 630 me
691 572 770 632 filins
785 575 816 631 et
833 572 967 632 timebat.
998 573 1094 631 filium

80 662 174 737 igitur
194 662 288 721 totius
307 661 438 721 civitatis
457 661 677 721 existimatione
696 661 869 721 damnatum
888 681 975 738 quem
999 663 1095 720 adhuc

54 750 181 810 cvivere
198 749 387 810 mirabantur
408 751 551 825 homines,
574 753 696 810 torsisse
713 770 760 809 me
779 749 914 828 putatis?
952 769 1006 828 ego
1024 769 1094 811 vero

81 838 184 913 occidi,
206 839 300 914 tarde,
323 840 383 898 diu.
430 841 633 915 quaestionem
655 840 732 898 iilud
754 838 863 901 vocas?
898 859 1003 917 poena,
1026 859 1094 915 sup-

79 927 205 1004 plicium
229 929 428 988 etmalorum
450 948 584 987 meorum
611 931 706 989 exitus
729 930 797 989 fuit.
842 929 926 987 nulla
948 931 1026 988 ratio
1050 931 1095 988 est

80 1017 285 1095 interrogandi
306 1018 456 1076 hominem
475 1018 523 1076 cui
540 1037 600 1078 non
619 1022 665 1078 est
682 1020 728 1077 fas
746 1018 806 1076 nisi
823 1037 940 1096 negare.
982 1020 1095 1094 quanta
1110 1020 1149 1076 10

80 1110 180 1164 tamen
208 1107 282 1164 mihi
309 1107 369 1166 fuit
391 1110 421 1166 et
443 1109 476 1166 in
499 1109 672 1183 quaestione
699 1106 886 1167 moderatio?
930 1126 990 1165 non
1017 1109 1096 1166 cnim

41 1215 67 1255 ro
81 1195 240 1270 praecipiti
256 1200 361 1271 raptus
379 1197 501 1272 inpulsu
520 1197 625 1256 exsilui
643 1198 774 1273 repente,
792 1197 900 1270 subito,
918 1216 972 1255 nee
991 1199 1095 1273 captus

81 1284 181 1342 dolore
210 1304 299 1344 caeco
319 1285 516 1361 inpatientiae
538 1304 622 1345 meae
645 1286 732 1346 velox
756 1287 865 1345 vulnus
887 1284 990 1344 indixi.
1036 1305 1096 1344 non

81 1375 180 1448 potest
203 1393 262 1432 non
285 1375 401 1433 ratione
425 1374 518 1433 occidi
541 1374 629 1450 filius,
653 1393 720 1433 cum
738 1377 807 1434 ante
826 1378 991 1449 torquetur.
1028 1374 1096 1433 dedi

80 1480 187 1537 moras,
211 1464 352 1537 spatium,
375 1466 493 1538 tempus
515 1462 634 1523 indulsi.
671 1463 754 1523 vides
779 1467 922 1538 quantam
941 1465 1011 1523 hino
1033 1481 1096 1522 ma-

81 1551 270 1628 lignitatibus
284 1555 433 1627 potuerim
450 1555 603 1628 praestare
621 1551 798 1611 materiam?
818 1553 843 1611 si
861 1553 964 1611 inille
983 1555 1097 1612 secreto

42 1639 183 1716 1egladio
211 1643 342 1715 tantum,
371 1643 396 1699 si
418 1641 590 1701 vulneribus
613 1643 752 1719 egissem,
780 1642 892 1701 exitum
919 1643 1029 1701 fecerat
1044 1644 1097 1708 ¹in-

81 1731 164 1788 venis
186 1728 368 1805 deprehensi.
405 1749 465 1788 non
489 1732 534 1790 est
555 1732 658 1808 igitur,
680 1732 788 1789 mulier
807 1731 885 1806 quod
907 1731 982 1789 mihi
1003 1731 1098 1790 facias

83 1907 149 1966 cidi.
187 1908 251 1966 sola
273 1911 319 1967 cst
340 1909 429 1968 huius
452 1908 638 1968 necessitatis
660 1909 739 1968 ratio
763 1909 799 1969 de
817 1911 920 1968 morte.
958 1909 1034 1967 illud
1053 1911 1099 1968 est

80 1997 284 2072 parricidium,
307 1997 404 2056 filium
426 2001 566 2074 torquere
588 1999 744 2058 victurum.
781 2001 871 2074 putas
893 2000 1030 2057 iuvenem
1053 1999 1098 2058 vi-

41 2106 68 2145 so
81 2105 150 2144 vere
176 2087 309 2162 potuisse
337 2087 386 2145 cui
412 2089 474 2147 iam
500 2105 560 2146 non
588 2091 709 2164 poterat
735 2088 793 2147 nisi
819 2091 914 2147 morte
947 2085 1099 2147 succurri?

84 2194 173 2250 quem
197 2179 300 2235 contra
323 2176 470 2254 malignos
498 2195 647 2236 sermones
675 2178 810 2237 adserere
841 2195 1009 2252 coeperam,
1037 2195 1098 2235 non

82 2263 199 2322 reddidi
220 2284 324 2324 rursus
347 2265 489 2324 infamiae
517 2285 613 2341 neque
636 2268 667 2324 in
696 2268 796 2325 oculos
820 2269 850 2325 et
873 2284 925 2324 ora
953 2266 1039 2343 vulgi
1061 2266 1098 2324 de

84 2354 196 2412 secreto
214 2355 309 2429 patris
329 2355 421 2413 emisi.
462 2354 651 2430 providentia
675 2374 743 2413 mea
768 2354 824 2413 tibi
844 2374 970 2430 quoque,
992 2356 1099 2428 mater,

83 2461 120 2499 ne
143 2442 175 2499 in
197 2442 276 2502 huno
299 2444 514 2520 interrogetur,
542 2444 647 2519 eripui.
688 2444 740 2503 ille
768 2462 837 2503 vero
861 2463 920 2502 non
947 2444 1007 2501 fuit
1029 2445 1100 2519 post

43 2550 69 2590 ac
83 2533 233 2589 tormenta
256 2533 374 2590 laturus
397 2532 479 2591 vitae
500 2532 657 2608 pudorem,
682 2535 717 2591 ut
739 2533 975 2609 interrogaretur
999 2550 1016 2589 a
1039 2531 1098 2590 sin-

83 2619 170 2696 gulis,
200 2622 236 2677 ut
258 2624 390 2697 negaret.
432 2641 550 2696 verum,
572 2622 694 2699 mulier,
718 2621 885 2680 adfectibus
908 2621 968 2679 tuis
991 2639 1099 2679 renun-

83 2708 220 2767 tiandum
243 2715 301 2783 est,
329 2709 367 2767 ad
390 2709 484 2769 totius
507 2710 612 2769 domus
640 2713 759 2769 nostrae
786 2712 934 2785 pertinere
960 2711 1099 2769 innocen-

83 2800 158 2856 tiam
182 2796 302 2873 credidi,
326 2817 362 2855 ne
386 2816 416 2856 sc
439 2797 503 2873 ipse
526 2801 627 2873 potius
652 2800 805 2859 occideret.

151 2885 258 2961 Sentit,
281 2886 403 2960 iudices,
425 2887 534 2945 mulier
553 2888 591 2947 ad
613 2888 660 2947 ius
679 2889 818 2964 querelae
837 2906 918 2962 suae,
940 2905 994 2946 nec
1017 2887 1099 2964 quod

43 2997 69 3036 eo
83 2976 229 3050 torserim,
249 2995 302 3034 neo
321 2976 401 3052 quod
420 2976 586 3051 occiderim,
609 2979 765 3052 pertinere.
811 2978 856 3036 ita
877 2977 1003 3052 quaerit,
1027 2977 1098 3051 quid

155 3181 230 3235 lire
252 3192 273 3235 V
349 3187 504 3236 anensura
527 3190 548 3233 V
622 3182 712 3236 filium
733 3192 755 3235 V
828 3181 977 3236 dtorsisse
995 3199 1029 3236 ca
1047 3183 1099 3237 -ssi

83 3261 120 3318 Β;
140 3253 294 3308 torsissime
317 3263 338 3306 V
426 3249 569 3331 iratiosse
588 3262 615 3305 Β
704 3259 737 3308 10
757 3253 872 3323 impulsi
891 3253 1006 3307 exilium
1024 3263 1052 3307 P

85 3329 116 3376 11
136 3323 241 3377 vultius
264 3335 285 3376 V
385 3325 483 3378 induxi
503 3336 531 3392 53
549 3324 639 3379 inflixi
660 3325 708 3380 Gr.
816 3331 849 3378 13
869 3327 1006 3394 quantum
1024 3334 1052 3378 Β

85 3401 117 3448 14
137 3395 304 3449 matheriam
322 3406 343 3449 V
394 3403 427 3450 15
443 3396 519 3450 exitu
537 3407 559 3450 V
610 3401 643 3450 19
657 3396 813 3465 torqueris
867 3402 899 3450 21
915 3396 1054 3467 malignos
1070 3408 1098 3450 s:

83 3482 200 3535 magnos
219 3488 241 3518 ω
303 3473 336 3520 22
356 3468 385 3521 in
405 3467 500 3523 oculos
520 3485 570 3523 om.
590 3477 628 3535 Β,
646 3485 721 3537 supr.
740 3490 772 3522 m
840 3473 873 3522 23
892 3467 1098 3537 providentiam

83 3554 174 3591 meam
194 3559 229 3604 ως
249 3554 316 3592 corr.
338 3551 353 3592 s
448 3545 481 3592 26
504 3539 695 3594 renovandum
713 3549 741 3593 Β
836 3540 949 3608 seipse
973 3555 1002 3593 se
1021 3548 1053 3593 Β

84 3615 116 3662 29
136 3615 374 3665 30ne—neM
443 3616 477 3664 30
497 3613 545 3664 ata
563 3620 598 3679 Β,
615 3612 658 3666 ita
677 3621 706 3680 ⁶3
725 3611 781 3666 ista
800 3620 841 3679 1113
860 3611 994 3677 itaquee
