2430 3952
141 203 207 268 240
456 171 709 257 censueramus
728 201 834 257 resur

141 371 226 430 dacio
256 371 395 430 civitatis.
441 389 500 446 quo
530 370 638 429 damno
667 370 776 446 probas
805 371 1040 448 tempestatem?
1089 375 1159 453 quid

142 457 288 519 amisisti?
333 460 515 518 immentum
542 461 620 519 certe
646 461 745 520 totum
770 461 854 519 venit
880 462 912 519 in
939 465 1079 540 portum,
1107 484 1159 525 nec

141 548 293 608 laborasti.
342 551 488 625 tauquam
523 549 649 607 nimium
680 552 801 609 onustas
833 569 924 610 naves
957 552 1160 629 simulaveris,

142 638 267 714 duplum
290 637 406 697 adferre
427 639 575 713 poterant.
621 656 681 697 non
702 641 812 697 vexata
839 643 1026 701 armamenta
1055 643 1160 703 turbe·

141 730 246 803 tosque
272 726 357 786 funes
385 728 438 785 aut
465 727 571 786 scissos
597 727 732 786 velorum
763 729 845 788 sinus
873 731 1019 804 quereris:
1054 732 1193 798 clasma

142 816 245 876 statim
259 817 331 875 exiit
345 819 383 890 et,
398 816 477 892 quod
491 835 632 894 magnum
645 816 779 894 integrae
793 817 912 895 signum
926 821 979 893 est,
994 819 1058 880 cito
1073 823 1161 882 redit

208 905 302 964 Porro
329 907 490 982 tempestas
517 904 550 963 in
572 925 666 964 unum
690 904 798 984 agebat
821 907 976 984 angulum,
1004 909 1086 969 nihil
1109 930 1161 988 po·

142 997 264 1054 tuerunt
287 993 443 1069 obliquata
464 994 532 1053 vela
554 993 715 1054 deflectere.
761 1014 821 1054 non
843 998 928 1071 potes
951 997 1033 1057 ultra
1056 1019 1161 1076 proce

143 1083 224 1142 dere:
248 1084 324 1142 citra
343 1083 470 1159 applica.
507 1083 601 1161 effuge
619 1086 763 1160 raptores,
782 1084 876 1163 effuge
894 1104 955 1145 non
973 1086 1161 1149 dimissuros.

143 1173 169 1230 si
187 1172 269 1230 ahud
291 1171 356 1232 fieri
374 1191 434 1231 non
452 1174 560 1248 potest,
583 1191 650 1231 cum
668 1174 845 1248 tempestate
865 1174 974 1249 decide,
997 1178 1197 1257 naufragioso

142 1262 175 1318 in
193 1260 342 1320 desertum
360 1261 432 1320 litus
450 1262 581 1340 inpinge.
619 1261 692 1339 quid
710 1262 844 1322 devitata
862 1264 992 1339 procella
1014 1265 1163 1341 prodest?

143 1350 216 1426 quid
242 1350 389 1410 subducta
417 1350 544 1410 nubibus
573 1352 662 1410 nimis
690 1349 814 1411 classis?
858 1354 890 1411 in
916 1357 1007 1428 portu
1037 1357 1164 1416 naufra-

144 1438 227 1516 gium
248 1439 371 1499 fecimus
395 1441 425 1499 et
447 1441 631 1499 frumentum
654 1440 692 1499 ad
715 1459 838 1500 ancoras
860 1440 1055 1518 perdidimus.

211 1523 287 1607 ‘Ego
310 1525 403 1604 vero',
424 1531 533 1606 inquit,
556 1523 667 1605 ‘attuli
691 1534 721 1589 et
744 1529 863 1605 quidem
886 1527 1030 1608 duplum?
1065 1552 1085 1592 o
1109 1551 1163 1594 nos

143 1618 252 1694 felices
274 1638 447 1695 rumpamus
465 1620 623 1679 saturitate
642 1619 823 1696 praecordia,
846 1638 1004 1696 pascamur
1021 1623 1054 1680 in
1065 1618 1163 1699 'prae-
1176 1646 1199 1688 a

143 1709 268 1766 teritum
292 1711 323 1766 et
349 1709 459 1768 famem
487 1708 634 1768 cmditate
660 1726 824 1786 pensemus.
871 1710 1056 1769 frumentum
1081 1713 1164 1772 attu-

143 1796 214 1856 listi.
261 1795 354 1872 quid?
382 1799 461 1874 quod
482 1797 630 1857 medicina
652 1802 839 1859 mortuorum
862 1817 928 1859 sera
952 1797 1018 1858 est?
1065 1798 1164 1877 qnid?

144 1886 224 1961 quod
246 1904 332 1945 nemo
355 1904 448 1963 aquas
475 1887 614 1946 infundet
638 1888 670 1945 in
693 1886 841 1946 cinerem?
887 1886 979 1964 quid?
1007 1890 1091 1964 quod
1114 1910 1164 1951 ex·

145 1976 239 2033 tincto
262 1975 373 2051 populo
396 1977 488 2034 etiam
510 1975 703 2036 novendialis.
718 1976 802 2036 tarde
821 1975 925 2037 venit?
961 1975 1054 2052 quid?
1081 1979 1163 2055 quod

143 2063 206 2121 iam
224 2083 278 2140 ego
301 2065 485 2124 frumentum
507 2086 566 2125 non
585 2065 740 2126 desidero?
775 2067 920 2144 naufrago
939 2065 1075 2126 tabulam
1096 2068 1199 2136 abs-20

143 2152 256 2227 tulisti,
283 2156 400 2213 mortuo
429 2155 561 2231 adplices
584 2175 698 2215 navem.
745 2155 869 2230 duplum
892 2158 949 2215 est:
979 2156 1107 2217 infunde
1129 2159 1163 2216 iu

144 2242 279 2317 sepulcra
302 2245 332 2301 et
355 2244 497 2302 admetire
521 2246 652 2305 tumulis.
689 2244 732 2304 ibi
755 2247 824 2305 sunt
852 2246 904 2321 qui
931 2244 1162 2307 mandaverunt

144 2331 217 2407 quid
249 2332 331 2390 aliud
358 2334 481 2393 effecisti
513 2334 671 2394 adferendo
704 2335 887 2392 frumentum
915 2352 1006 2410 quam
1038 2335 1074 2393 ut
1107 2355 1162 2397 nce

144 2421 224 2497 quod
248 2421 343 2481 adhuc
370 2423 505 2499 fecimus,
533 2422 719 2500 paeniteret?
764 2442 842 2482 nuno
864 2442 911 2482 me
936 2423 1032 2500 magis
1054 2424 1162 2500 pudet,

92 2508 130 2565 24
144 2529 222 2570 nuno
249 2511 329 2571 cibos
356 2531 437 2573 meos
465 2514 602 2591 obiurgo,
632 2514 720 2589 potui
746 2513 811 2570 heri
837 2531 897 2571 non
925 2511 1096 2572 comedisse.
1143 2533 1198 2581 on

144 2601 235 2676 nefas,
259 2601 290 2660 in
314 2622 372 2678 quo
395 2621 442 2660 me
466 2604 574 2662 scelere
593 2605 775 2662 commeatus
795 2598 1014 2678 deprehendet?
1050 2601 1162 2663 siccine

146 2706 179 2712 ”
216 2742 248 2790 12
267 2737 301 2803 cf.
321 2736 864 2807 HIER.adv.10h.Hieros.sepem)
883 2736 913 2789 in
931 2737 1022 2804 portu,
1041 2736 1075 2788 uc
1090 2736 1161 2792 osei-

144 2825 214 2874 mus,
232 2808 420 2878 naufragium.

218 2938 377 3055 lfflffi
399 2997 421 3040 V
504 3006 558 3057 quo
578 2989 693 3043 damno:
714 2987 790 3056 quod
809 3002 882 3040 anno
901 2995 934 3039 Β
1026 2990 1161 3056 dquam·

146 3070 265 3124 quams·
326 3060 461 3114 honustae
479 3070 501 3113 V
563 3062 679 3120 {naves
698 3068 726 3113 Β
742 3061 772 3129 (2
790 3059 841 3111 litt.
856 3060 903 3127 er.)
976 3056 1163 3114 salassus!

146 3129 237 3181 deuii
255 3140 283 3183 P
343 3133 517 3200 8p0test15
563 3117 603 3186 10
623 3130 761 3195 decedes
817 3135 848 3182 11
868 3129 949 3183 littus
968 3138 996 3181 P
1054 3133 1089 3183 12
1108 3130 1161 3184 mi·

145 3198 189 3251 nis
208 3209 228 3251 V
300 3201 330 3254 in
347 3205 459 3271 portum
477 3215 501 3258 J
585 3202 871 3289 1eanch01asVaae
916 3205 1096 3269 1401111111,
1116 3201 1161 3257 vel

146 3339 330 3380 onos...m
392 3333 425 3381 15
445 3328 642 3402 eaturhitatem
660 3337 699 3395 Β;
719 3295 871 3381 111111111αῆ
889 3335 921 3379 Β
986 3329 1019 3378 16
1039 3326 1160 3382 crudeli·

145 3396 205 3448 tate
219 3405 297 3448 Bm
366 3403 399 3452 18
418 3400 498 3467 quid:
518 3402 568 3470 qui
586 3400 617 3455 id
635 3411 663 3454 P
739 3398 834 3470 quod}
852 3407 880 3452 Β
956 3396 1093 3453 extinctor
1114 3415 1161 3455 ex·

145 3467 177 3519 ia
194 3484 249 3521 rae.
265 3477 293 3520 P
353 3474 386 3522 20
406 3486 457 3540 ego
475 3472 536 3571 iam
551 3482 572 3525 V
630 3472 802 3525 frumentum
820 3483 901 3535 orac
954 3467 1112 3542 naufrasso
1132 3480 1164 3528 Ι

146 3595 180 3644 26
200 3591 440 3661 deprehenderent
458 3608 488 3663 σς
507 3567 549 3652 {t
566 3609 588 3651 V
