<?xml version="1.0" encoding="UTF-8"?>
<!DOCTYPE html PUBLIC "-//W3C//DTD XHTML 1.0 Transitional//EN"
    "http://www.w3.org/TR/xhtml1/DTD/xhtml1-transitional.dtd">
<html xmlns="http://www.w3.org/1999/xhtml" xml:lang="en" lang="en">
 <head>
  <title>
</title>
<meta http-equiv="Content-Type" content="text/html;charset=utf-8" />
  <meta name='ocr-system' content='tesseract 3.04.00' />
  <meta name='ocr-capabilities' content='ocr_page ocr_carea ocr_par ocr_line ocrx_word'/>
</head>
<body>
  <div class='ocr_page' id='page_1' title='image "./qvintilianiqvae00quingoog_0289.png"; bbox 0 0 2430 3952; ppageno 0'>
   <div class='ocr_carea' id='block_1_1' title="bbox 368 195 1077 268">
    <p class='ocr_par' dir='ltr' id='par_1_1' title="bbox 368 195 1077 268">
     <span class='ocr_line' id='line_1_1' title="bbox 368 195 1077 268; baseline 0.001 -12"><span class='ocrx_word' id='word_1_1' title='bbox 368 195 603 258; x_wconf 74' lang='lat' dir='ltr'>DECLAMATIO</span> <span class='ocrx_word' id='word_1_2' title='bbox 621 202 685 256; x_wconf 84' lang='lat' dir='ltr'>xm</span> <span class='ocrx_word' id='word_1_3' title='bbox 700 209 777 257; x_wconf 78' lang='lat'>2-4.</span> <span class='ocrx_word' id='word_1_4' title='bbox 1012 203 1077 268; x_wconf 79' lang='lat'>249</span> 
     </span>
    </p>
   </div>
   <div class='ocr_carea' id='block_1_2' title="bbox 15 371 1114 2674">
    <p class='ocr_par' dir='ltr' id='par_1_2' title="bbox 15 371 1114 2674">
     <span class='ocr_line' id='line_1_2' title="bbox 63 371 1080 448; baseline 0.002 -18"><span class='ocrx_word' id='word_1_5' title='bbox 63 389 137 430; x_wconf 82' lang='lat' dir='ltr'>sane</span> <span class='ocrx_word' id='word_1_6' title='bbox 155 371 247 431; x_wconf 89' lang='lat' dir='ltr'>dabat</span> <span class='ocrx_word' id='word_1_7' title='bbox 269 373 453 432; x_wconf 77' lang='lat' dir='ltr'>occasionem</span> <span class='ocrx_word' id='word_1_8' title='bbox 475 373 550 430; x_wconf 90' lang='lat' dir='ltr'>mihi</span> <span class='ocrx_word' id='word_1_9' title='bbox 568 373 777 448; x_wconf 77' lang='lat' dir='ltr'><strong>opportunitas</strong></span> <span class='ocrx_word' id='word_1_10' title='bbox 799 372 913 430; x_wconf 89' lang='lat' dir='ltr'>hortuli</span> <span class='ocrx_word' id='word_1_11' title='bbox 930 374 997 432; x_wconf 90' lang='lat' dir='ltr'>mei.</span> <span class='ocrx_word' id='word_1_12' title='bbox 1035 375 1080 432; x_wconf 85' lang='lat' dir='ltr'>est</span> 
     </span>
     <span class='ocr_line' id='line_1_3' title="bbox 59 459 1078 537; baseline 0.005 -21"><span class='ocrx_word' id='word_1_13' title='bbox 59 479 194 535; x_wconf 77' lang='lat' dir='ltr'>‚namque</span> <span class='ocrx_word' id='word_1_14' title='bbox 220 462 337 537; x_wconf 85' lang='lat' dir='ltr'>positus</span> <span class='ocrx_word' id='word_1_15' title='bbox 365 459 403 519; x_wconf 84' lang='lat' dir='ltr'>ad</span> <span class='ocrx_word' id='word_1_16' title='bbox 430 463 512 519; x_wconf 89' lang='lat' dir='ltr'>ortus</span> <span class='ocrx_word' id='word_1_17' title='bbox 540 461 611 519; x_wconf 85' lang='lat' dir='ltr'>¹solis</span> <span class='ocrx_word' id='word_1_18' title='bbox 640 460 757 520; x_wconf 79' lang='lat' dir='ltr'>hiberni</span> <span class='ocrx_word' id='word_1_19' title='bbox 785 463 915 537; x_wconf 86' lang='lat' dir='ltr'>apricus,</span> <span class='ocrx_word' id='word_1_20' title='bbox 943 463 1078 521; x_wconf 90' lang='lat' dir='ltr'>omnibus</span> 
     </span>
     <span class='ocr_line' id='line_1_4' title="bbox 63 549 1079 626; baseline 0.002 -18"><span class='ocrx_word' id='word_1_21' title='bbox 63 549 162 609; x_wconf 83' lang='lat' dir='ltr'>ventis</span> <span class='ocrx_word' id='word_1_22' title='bbox 181 549 303 608; x_wconf 87' lang='lat' dir='ltr'>medius.</span> <span class='ocrx_word' id='word_1_23' title='bbox 341 550 424 608; x_wconf 86' lang='lat' dir='ltr'>fusus</span> <span class='ocrx_word' id='word_1_24' title='bbox 448 569 483 609; x_wconf 87' lang='lat' dir='ltr'>ex</span> <span class='ocrx_word' id='word_1_25' title='bbox 505 552 640 625; x_wconf 84' lang='lat' dir='ltr'>proximo</span> <span class='ocrx_word' id='word_1_26' title='bbox 658 551 740 609; x_wconf 85' lang='lat' dir='ltr'>fonte</span> <span class='ocrx_word' id='word_1_27' title='bbox 759 552 841 608; x_wconf 88' lang='lat' dir='ltr'>rivus</span> <span class='ocrx_word' id='word_1_28' title='bbox 860 551 1079 626; x_wconf 79' lang='lat' dir='ltr'>trepidantibus</span> 
     </span>
     <span class='ocr_line' id='line_1_5' title="bbox 63 638 1079 716; baseline 0.001 -18"><span class='ocrx_word' id='word_1_29' title='bbox 63 640 145 698; x_wconf 79' lang='lat' dir='ltr'>inter</span> <span class='ocrx_word' id='word_1_30' title='bbox 165 638 317 698; x_wconf 83' lang='lat' dir='ltr'>radiantes</span> <span class='ocrx_word' id='word_1_31' title='bbox 341 638 470 698; x_wconf 90' lang='lat' dir='ltr'>calculos</span> <span class='ocrx_word' id='word_1_32' title='bbox 494 641 579 714; x_wconf 86' lang='lat' dir='ltr'>aquis</span> <span class='ocrx_word' id='word_1_33' title='bbox 602 641 752 716; x_wconf 82' lang='lat' dir='ltr'>utrimque</span> <span class='ocrx_word' id='word_1_34' title='bbox 773 641 839 715; x_wconf 86' lang='lat' dir='ltr'>ripa</span> <span class='ocrx_word' id='word_1_35' title='bbox 856 641 971 698; x_wconf 85' lang='lat' dir='ltr'>virente</span> <span class='ocrx_word' id='word_1_36' title='bbox 993 659 1079 715; x_wconf 89' lang='lat' dir='ltr'>prae·</span> 
     </span>
     <span class='ocr_line' id='line_1_6' title="bbox 36 724 1078 805; baseline -0.005 -13"><span class='ocrx_word' id='word_1_37' title='bbox 36 727 186 792; x_wconf 77' lang='lat' dir='ltr'>eterfluit.</span> <span class='ocrx_word' id='word_1_38' title='bbox 232 729 307 787; x_wconf 86' lang='lat' dir='ltr'>satis</span> <span class='ocrx_word' id='word_1_39' title='bbox 331 727 438 787; x_wconf 88' lang='lat' dir='ltr'>consiti</span> <span class='ocrx_word' id='word_1_40' title='bbox 464 724 558 787; x_wconf 82' lang='lat' dir='ltr'>flores</span> <span class='ocrx_word' id='word_1_41' title='bbox 573 730 604 787; x_wconf 89' lang='lat' dir='ltr'>et</span> <span class='ocrx_word' id='word_1_42' title='bbox 626 727 731 787; x_wconf 86' lang='lat' dir='ltr'>viridis</span> <span class='ocrx_word' id='word_1_43' title='bbox 755 731 891 804; x_wconf 81' lang='lat' dir='ltr'>quamvis</span> <span class='ocrx_word' id='word_1_44' title='bbox 916 747 1078 805; x_wconf 91' lang='lat' dir='ltr'>paucarum</span> 
     </span>
     <span class='ocr_line' id='line_1_7' title="bbox 59 816 1078 895; baseline -0.001 -18"><span class='ocrx_word' id='word_1_45' title='bbox 59 817 205 877; x_wconf 84' lang='lat' dir='ltr'>arborum</span> <span class='ocrx_word' id='word_1_46' title='bbox 227 833 321 891; x_wconf 90' lang='lat' dir='ltr'>coma,</span> <span class='ocrx_word' id='word_1_47' title='bbox 343 816 532 876; x_wconf 90' lang='lat' dir='ltr'>nascentibus</span> <span class='ocrx_word' id='word_1_48' title='bbox 554 818 674 893; x_wconf 90' lang='lat' dir='ltr'>populis</span> <span class='ocrx_word' id='word_1_49' title='bbox 696 818 795 894; x_wconf 88' lang='lat' dir='ltr'>prima</span> <span class='ocrx_word' id='word_1_50' title='bbox 814 817 905 893; x_wconf 84' lang='lat' dir='ltr'>sedes,</span> <span class='ocrx_word' id='word_1_51' title='bbox 927 818 1005 876; x_wconf 89' lang='lat' dir='ltr'>unde</span> <span class='ocrx_word' id='word_1_52' title='bbox 1024 837 1078 895; x_wconf 90' lang='lat' dir='ltr'>ego</span> 
     </span>
     <span class='ocr_line' id='line_1_8' title="bbox 62 906 1078 985; baseline -0.001 -20"><span class='ocrx_word' id='word_1_53' title='bbox 62 906 236 982; x_wconf 77' lang='lat' dir='ltr'>frequenter</span> <span class='ocrx_word' id='word_1_54' title='bbox 262 907 430 966; x_wconf 88' lang='lat' dir='ltr'>consertum</span> <span class='ocrx_word' id='word_1_55' title='bbox 456 924 551 964; x_wconf 81' lang='lat' dir='ltr'>novae</span> <span class='ocrx_word' id='word_1_56' title='bbox 578 907 744 967; x_wconf 84' lang='lat' dir='ltr'>iuventutis</span> <span class='ocrx_word' id='word_1_57' title='bbox 772 927 880 985; x_wconf 81' lang='lat' dir='ltr'>agmen</span> <span class='ocrx_word' id='word_1_58' title='bbox 901 924 985 965; x_wconf 86' lang='lat' dir='ltr'>ramo</span> <span class='ocrx_word' id='word_1_59' title='bbox 1012 925 1078 984; x_wconf 84' lang='lat' dir='ltr'>gm-</span> 
     </span>
     <span class='ocr_line' id='line_1_9' title="bbox 63 995 1079 1071; baseline 0 -17"><span class='ocrx_word' id='word_1_60' title='bbox 63 995 201 1054; x_wconf 75' lang='lat' dir='ltr'>vescente</span> <span class='ocrx_word' id='word_1_61' title='bbox 228 995 352 1070; x_wconf 82' lang='lat' dir='ltr'>suscepi.</span> <span class='ocrx_word' id='word_1_62' title='bbox 398 1012 452 1054; x_wconf 90' lang='lat' dir='ltr'>nac</span> <span class='ocrx_word' id='word_1_63' title='bbox 478 1014 525 1053; x_wconf 90' lang='lat' dir='ltr'>me</span> <span class='ocrx_word' id='word_1_64' title='bbox 548 996 634 1054; x_wconf 83' lang='lat' dir='ltr'>tanta</span> <span class='ocrx_word' id='word_1_65' title='bbox 660 995 797 1071; x_wconf 89' lang='lat' dir='ltr'>capiebat</span> <span class='ocrx_word' id='word_1_66' title='bbox 819 997 971 1071; x_wconf 82' lang='lat' dir='ltr'>voluptas,</span> <span class='ocrx_word' id='word_1_67' title='bbox 1001 995 1079 1070; x_wconf 93' lang='lat' dir='ltr'>quod</span> 
     </span>
     <span class='ocr_line' id='line_1_10' title="bbox 62 1082 1079 1160; baseline -0.001 -18"><span class='ocrx_word' id='word_1_68' title='bbox 62 1083 187 1142; x_wconf 87' lang='lat' dir='ltr'>fluentia</span> <span class='ocrx_word' id='word_1_69' title='bbox 206 1085 280 1143; x_wconf 90' lang='lat' dir='ltr'>ceris</span> <span class='ocrx_word' id='word_1_70' title='bbox 299 1084 389 1143; x_wconf 86' lang='lat' dir='ltr'>malla</span> <span class='ocrx_word' id='word_1_71' title='bbox 407 1082 569 1159; x_wconf 88' lang='lat' dir='ltr'>conderem,</span> <span class='ocrx_word' id='word_1_72' title='bbox 592 1085 674 1160; x_wconf 94' lang='lat' dir='ltr'>quod</span> <span class='ocrx_word' id='word_1_73' title='bbox 692 1084 729 1144; x_wconf 91' lang='lat' dir='ltr'>ad</span> <span class='ocrx_word' id='word_1_74' title='bbox 748 1084 934 1144; x_wconf 84' lang='lat' dir='ltr'>sustinendas</span> <span class='ocrx_word' id='word_1_75' title='bbox 952 1103 1079 1160; x_wconf 89' lang='lat' dir='ltr'>pauper·</span> 
     </span>
     <span class='ocr_line' id='line_1_11' title="bbox 15 1168 1080 1250; baseline 0.001 -18"><span class='ocrx_word' id='word_1_76' title='bbox 15 1174 138 1238; x_wconf 71' lang='lat' dir='ltr'>⁴‘1otatis</span> <span class='ocrx_word' id='word_1_77' title='bbox 164 1175 315 1248; x_wconf 86' lang='lat' dir='ltr'>impensas</span> <span class='ocrx_word' id='word_1_78' title='bbox 342 1168 486 1232; x_wconf 75' lang='lat' dir='ltr'>defamem</span> <span class='ocrx_word' id='word_1_79' title='bbox 513 1175 545 1231; x_wconf 91' lang='lat' dir='ltr'>in</span> <span class='ocrx_word' id='word_1_80' title='bbox 570 1173 688 1249; x_wconf 89' lang='lat' dir='ltr'>urbem,</span> <span class='ocrx_word' id='word_1_81' title='bbox 711 1174 790 1250; x_wconf 89' lang='lat' dir='ltr'>quod</span> <span class='ocrx_word' id='word_1_82' title='bbox 813 1174 920 1233; x_wconf 84' lang='lat' dir='ltr'>divites</span> <span class='ocrx_word' id='word_1_83' title='bbox 948 1176 1080 1233; x_wconf 85' lang='lat' dir='ltr'>emerent</span> 
     </span>
     <span class='ocr_line' id='line_1_12' title="bbox 64 1261 1078 1339; baseline 0 -19"><span class='ocrx_word' id='word_1_84' title='bbox 64 1281 156 1339; x_wconf 88' lang='lat' dir='ltr'>quam</span> <span class='ocrx_word' id='word_1_85' title='bbox 179 1262 259 1337; x_wconf 93' lang='lat' dir='ltr'>quod</span> <span class='ocrx_word' id='word_1_86' title='bbox 282 1261 423 1321; x_wconf 88' lang='lat' dir='ltr'>adversus</span> <span class='ocrx_word' id='word_1_87' title='bbox 441 1263 542 1321; x_wconf 86' lang='lat' dir='ltr'>omnia</span> <span class='ocrx_word' id='word_1_88' title='bbox 564 1263 660 1322; x_wconf 89' lang='lat' dir='ltr'>lassae</span> <span class='ocrx_word' id='word_1_89' title='bbox 683 1263 784 1322; x_wconf 90' lang='lat' dir='ltr'>taedia</span> <span class='ocrx_word' id='word_1_90' title='bbox 802 1263 910 1322; x_wconf 84' lang='lat' dir='ltr'>aetatis</span> <span class='ocrx_word' id='word_1_91' title='bbox 933 1262 1078 1322; x_wconf 88' lang='lat' dir='ltr'>habebam</span> 
     </span>
     <span class='ocr_line' id='line_1_13' title="bbox 64 1349 1079 1429; baseline 0 -19"><span class='ocrx_word' id='word_1_92' title='bbox 64 1369 153 1410; x_wconf 87' lang='lat' dir='ltr'>senex</span> <span class='ocrx_word' id='word_1_93' title='bbox 185 1349 264 1426; x_wconf 92' lang='lat' dir='ltr'>quod</span> <span class='ocrx_word' id='word_1_94' title='bbox 301 1369 425 1429; x_wconf 86' lang='lat' dir='ltr'>agerem.</span> <span class='ocrx_word' id='word_1_95' title='bbox 476 1351 601 1410; x_wconf 85' lang='lat' dir='ltr'>iuvabat</span> <span class='ocrx_word' id='word_1_96' title='bbox 632 1354 686 1411; x_wconf 84' lang='lat' dir='ltr'>aut</span> <span class='ocrx_word' id='word_1_97' title='bbox 721 1353 803 1411; x_wconf 89' lang='lat' dir='ltr'>lenta</span> <span class='ocrx_word' id='word_1_98' title='bbox 834 1354 948 1411; x_wconf 86' lang='lat' dir='ltr'>vimina</span> <span class='ocrx_word' id='word_1_99' title='bbox 980 1354 1079 1411; x_wconf 89' lang='lat' dir='ltr'>vernis</span> 
     </span>
     <span class='ocr_line' id='line_1_14' title="bbox 63 1433 1078 1519; baseline 0 -20"><span class='ocrx_word' id='word_1_100' title='bbox 63 1439 193 1500; x_wconf 88' lang='lat' dir='ltr'>foetibus</span> <span class='ocrx_word' id='word_1_101' title='bbox 216 1443 323 1514; x_wconf 88' lang='lat' dir='ltr'>texere,</span> <span class='ocrx_word' id='word_1_102' title='bbox 346 1459 383 1498; x_wconf 91' lang='lat' dir='ltr'>ne</span> <span class='ocrx_word' id='word_1_103' title='bbox 402 1440 450 1499; x_wconf 87' lang='lat' dir='ltr'>vel</span> <span class='ocrx_word' id='word_1_104' title='bbox 468 1433 707 1500; x_wconf 73' lang='lat' dir='ltr'>aesuvus&#39;uroor</span> <span class='ocrx_word' id='word_1_105' title='bbox 730 1444 783 1500; x_wconf 91' lang='lat' dir='ltr'>aut</span> <span class='ocrx_word' id='word_1_106' title='bbox 805 1441 929 1499; x_wconf 85' lang='lat' dir='ltr'>hiberna</span> <span class='ocrx_word' id='word_1_107' title='bbox 947 1443 993 1499; x_wconf 86' lang='lat' dir='ltr'>vis</span> <span class='ocrx_word' id='word_1_108' title='bbox 1012 1461 1078 1519; x_wconf 88' lang='lat' dir='ltr'>gra·</span> 
     </span>
     <span class='ocr_line' id='line_1_15' title="bbox 63 1528 1079 1606; baseline 0 -18"><span class='ocrx_word' id='word_1_109' title='bbox 63 1528 165 1588; x_wconf 89' lang='lat' dir='ltr'>vidam</span> <span class='ocrx_word' id='word_1_110' title='bbox 188 1531 359 1606; x_wconf 86' lang='lat' dir='ltr'>penetraret</span> <span class='ocrx_word' id='word_1_111' title='bbox 380 1529 495 1602; x_wconf 86' lang='lat' dir='ltr'>alvum,</span> <span class='ocrx_word' id='word_1_112' title='bbox 519 1529 632 1588; x_wconf 88' lang='lat' dir='ltr'>hiantis</span> <span class='ocrx_word' id='word_1_113' title='bbox 655 1532 746 1588; x_wconf 87' lang='lat' dir='ltr'>rimas</span> <span class='ocrx_word' id='word_1_114' title='bbox 769 1533 868 1589; x_wconf 85' lang='lat' dir='ltr'>tenaci</span> <span class='ocrx_word' id='word_1_115' title='bbox 894 1530 982 1588; x_wconf 88' lang='lat' dir='ltr'>linire</span> <span class='ocrx_word' id='word_1_116' title='bbox 1008 1529 1079 1588; x_wconf 90' lang='lat' dir='ltr'>fimo</span> 
     </span>
     <span class='ocr_line' id='line_1_16' title="bbox 18 1618 1079 1696; baseline -0.005 -15"><span class='ocrx_word' id='word_1_117' title='bbox 18 1639 49 1683; x_wconf 79' lang='lat' dir='ltr'>ro</span> <span class='ocrx_word' id='word_1_118' title='bbox 63 1618 119 1676; x_wconf 85' lang='lat' dir='ltr'>out</span> <span class='ocrx_word' id='word_1_119' title='bbox 141 1619 226 1678; x_wconf 85' lang='lat' dir='ltr'>fessis</span> <span class='ocrx_word' id='word_1_120' title='bbox 244 1618 350 1694; x_wconf 89' lang='lat' dir='ltr'>apibus</span> <span class='ocrx_word' id='word_1_121' title='bbox 369 1619 449 1677; x_wconf 88' lang='lat' dir='ltr'>ultro</span> <span class='ocrx_word' id='word_1_122' title='bbox 467 1618 610 1694; x_wconf 89' lang='lat' dir='ltr'>praebere</span> <span class='ocrx_word' id='word_1_123' title='bbox 632 1619 723 1678; x_wconf 89' lang='lat' dir='ltr'>mella</span> <span class='ocrx_word' id='word_1_124' title='bbox 746 1622 799 1677; x_wconf 88' lang='lat' dir='ltr'>aut</span> <span class='ocrx_word' id='word_1_125' title='bbox 821 1620 937 1696; x_wconf 82' lang='lat' dir='ltr'>fugiens</span> <span class='ocrx_word' id='word_1_126' title='bbox 957 1638 1079 1678; x_wconf 84' lang='lat' dir='ltr'>examen</span> 
     </span>
     <span class='ocr_line' id='line_1_17' title="bbox 63 1706 1079 1783; baseline 0 -18"><span class='ocrx_word' id='word_1_127' title='bbox 63 1725 134 1766; x_wconf 83' lang='lat' dir='ltr'>aare</span> <span class='ocrx_word' id='word_1_128' title='bbox 154 1708 266 1766; x_wconf 85' lang='lat' dir='ltr'>terrere</span> <span class='ocrx_word' id='word_1_129' title='bbox 288 1710 341 1766; x_wconf 87' lang='lat' dir='ltr'>aut</span> <span class='ocrx_word' id='word_1_130' title='bbox 363 1706 443 1766; x_wconf 90' lang='lat' dir='ltr'>bella</span> <span class='ocrx_word' id='word_1_131' title='bbox 466 1707 568 1767; x_wconf 85' lang='lat' dir='ltr'>sedare</span> <span class='ocrx_word' id='word_1_132' title='bbox 591 1708 723 1783; x_wconf 85' lang='lat' dir='ltr'>pulveris</span> <span class='ocrx_word' id='word_1_133' title='bbox 741 1709 832 1782; x_wconf 87' lang='lat' dir='ltr'>iactu,</span> <span class='ocrx_word' id='word_1_134' title='bbox 854 1711 928 1782; x_wconf 85' lang='lat' dir='ltr'>tum,</span> <span class='ocrx_word' id='word_1_135' title='bbox 951 1707 1079 1782; x_wconf 92' lang='lat' dir='ltr'>nequid</span> 
     </span>
     <span class='ocr_line' id='line_1_18' title="bbox 62 1795 1078 1875; baseline 0.001 -21"><span class='ocrx_word' id='word_1_136' title='bbox 62 1796 189 1872; x_wconf 88' lang='lat' dir='ltr'>periculi</span> <span class='ocrx_word' id='word_1_137' title='bbox 207 1796 314 1855; x_wconf 84' lang='lat' dir='ltr'>saltem</span> <span class='ocrx_word' id='word_1_138' title='bbox 333 1795 457 1874; x_wconf 84' lang='lat' dir='ltr'>singulis</span> <span class='ocrx_word' id='word_1_139' title='bbox 477 1800 561 1871; x_wconf 85' lang='lat' dir='ltr'>essct,</span> <span class='ocrx_word' id='word_1_140' title='bbox 585 1796 687 1857; x_wconf 80' lang='lat' dir='ltr'>avidas</span> <span class='ocrx_word' id='word_1_141' title='bbox 711 1798 799 1874; x_wconf 91' lang='lat' dir='ltr'>longe</span> <span class='ocrx_word' id='word_1_142' title='bbox 822 1798 926 1875; x_wconf 79' lang='lat' dir='ltr'>fugare</span> <span class='ocrx_word' id='word_1_143' title='bbox 944 1798 1078 1863; x_wconf 82' lang='lat' dir='ltr'>volucres</span> 
     </span>
     <span class='ocr_line' id='line_1_19' title="bbox 63 1885 1079 1961; baseline -0.002 -16"><span class='ocrx_word' id='word_1_144' title='bbox 63 1887 95 1945; x_wconf 87' lang='lat' dir='ltr'>et</span> <span class='ocrx_word' id='word_1_145' title='bbox 117 1903 217 1945; x_wconf 90' lang='lat' dir='ltr'>arcere</span> <span class='ocrx_word' id='word_1_146' title='bbox 239 1903 334 1961; x_wconf 84' lang='lat' dir='ltr'>parva</span> <span class='ocrx_word' id='word_1_147' title='bbox 356 1885 440 1944; x_wconf 89' lang='lat' dir='ltr'>dictu</span> <span class='ocrx_word' id='word_1_148' title='bbox 463 1885 621 1959; x_wconf 85' lang='lat' dir='ltr'>animalia,</span> <span class='ocrx_word' id='word_1_149' title='bbox 648 1887 778 1946; x_wconf 90' lang='lat' dir='ltr'>reclusas</span> <span class='ocrx_word' id='word_1_150' title='bbox 805 1887 926 1946; x_wconf 84' lang='lat' dir='ltr'>interim</span> <span class='ocrx_word' id='word_1_151' title='bbox 951 1887 1079 1945; x_wconf 87' lang='lat' dir='ltr'>scrutari</span> 
     </span>
     <span class='ocr_line' id='line_1_20' title="bbox 63 1974 1078 2076; baseline 0.001 -43"><span class='ocrx_word' id='word_1_152' title='bbox 63 1975 168 2051; x_wconf 89' lang='lat' dir='ltr'>apium</span> <span class='ocrx_word' id='word_1_153' title='bbox 191 1974 302 2049; x_wconf 90' lang='lat' dir='ltr'>domos,</span> <span class='ocrx_word' id='word_1_154' title='bbox 325 1993 362 2033; x_wconf 89' lang='lat' dir='ltr'>ne</span> <span class='ocrx_word' id='word_1_155' title='bbox 383 1994 439 2050; x_wconf 91' lang='lat' dir='ltr'>per</span> <span class='ocrx_word' id='word_1_156' title='bbox 456 1993 565 2034; x_wconf 87' lang='lat' dir='ltr'>vacuas</span> <span class='ocrx_word' id='word_1_157' title='bbox 590 1975 673 2036; x_wconf 78' lang='lat' dir='ltr'>alvos</span> <span class='ocrx_word' id='word_1_158' title='bbox 696 1975 783 2034; x_wconf 88' lang='lat' dir='ltr'>foeda</span> <span class='ocrx_word' id='word_1_159' title='bbox 806 1977 916 2063; x_wconf 86' lang='lat' dir='ltr'>pestis</span> <span class='ocrx_word' id='word_1_160' title='bbox 920 1976 1078 2076; x_wconf 85' lang='lat' dir='ltr'>insidiosas</span> 
     </span>
     <span class='ocr_line' id='line_1_21' title="bbox 19 2063 312 2141; baseline 0.003 -19"><span class='ocrx_word' id='word_1_161' title='bbox 19 2087 49 2128; x_wconf 77' lang='lat' dir='ltr'>so</span> <span class='ocrx_word' id='word_1_162' title='bbox 62 2065 178 2122; x_wconf 84' lang='lat' dir='ltr'>texeret</span> <span class='ocrx_word' id='word_1_163' title='bbox 198 2063 312 2141; x_wconf 86' lang='lat' dir='ltr'>plagas</span> 
     </span>
     <span class='ocr_line' id='line_1_22' title="bbox 131 2151 1114 2227; baseline -0.003 -16"><span class='ocrx_word' id='word_1_164' title='bbox 131 2151 279 2211; x_wconf 87' lang='lat' dir='ltr'>Dederam</span> <span class='ocrx_word' id='word_1_165' title='bbox 306 2151 457 2212; x_wconf 89' lang='lat' dir='ltr'>laboribus</span> <span class='ocrx_word' id='word_1_166' title='bbox 480 2153 553 2212; x_wconf 88' lang='lat' dir='ltr'>meis</span> <span class='ocrx_word' id='word_1_167' title='bbox 575 2154 687 2212; x_wconf 85' lang='lat' dir='ltr'>iustam</span> <span class='ocrx_word' id='word_1_168' title='bbox 710 2172 796 2213; x_wconf 86' lang='lat' dir='ltr'>senex</span> <span class='ocrx_word' id='word_1_169' title='bbox 818 2154 1002 2227; x_wconf 84' lang='lat' dir='ltr'>missionem,</span> <span class='ocrx_word' id='word_1_170' title='bbox 1024 2153 1076 2211; x_wconf 90' lang='lat' dir='ltr'>ha·</span> <span class='ocrx_word' id='word_1_171' title='bbox 1095 2151 1114 2208; x_wconf 78' lang='lat'>4</span> 
     </span>
     <span class='ocr_line' id='line_1_23' title="bbox 62 2241 1078 2318; baseline -0.002 -18"><span class='ocrx_word' id='word_1_172' title='bbox 62 2241 170 2301; x_wconf 84' lang='lat' dir='ltr'>bobum</span> <span class='ocrx_word' id='word_1_173' title='bbox 203 2260 279 2316; x_wconf 89' lang='lat' dir='ltr'>quae</span> <span class='ocrx_word' id='word_1_174' title='bbox 306 2260 360 2317; x_wconf 92' lang='lat' dir='ltr'>pro</span> <span class='ocrx_word' id='word_1_175' title='bbox 392 2261 440 2301; x_wconf 92' lang='lat' dir='ltr'>me</span> <span class='ocrx_word' id='word_1_176' title='bbox 468 2260 541 2318; x_wconf 91' lang='lat' dir='ltr'>opus</span> <span class='ocrx_word' id='word_1_177' title='bbox 569 2243 707 2301; x_wconf 88' lang='lat' dir='ltr'>facerent.</span> <span class='ocrx_word' id='word_1_178' title='bbox 754 2261 813 2317; x_wconf 90' lang='lat' dir='ltr'>quo</span> <span class='ocrx_word' id='word_1_179' title='bbox 840 2261 900 2301; x_wconf 92' lang='lat' dir='ltr'>non</span> <span class='ocrx_word' id='word_1_180' title='bbox 931 2243 1078 2317; x_wconf 88' lang='lat' dir='ltr'>penetras,</span> 
     </span>
     <span class='ocr_line' id='line_1_24' title="bbox 63 2327 1078 2410; baseline -0.001 -22"><span class='ocrx_word' id='word_1_181' title='bbox 63 2331 141 2389; x_wconf 88' lang='lat' dir='ltr'>livor</span> <span class='ocrx_word' id='word_1_182' title='bbox 167 2328 322 2406; x_wconf 82' lang='lat' dir='ltr'>improbe?</span> <span class='ocrx_word' id='word_1_183' title='bbox 369 2330 477 2405; x_wconf 86' lang='lat' dir='ltr'>quidve</span> <span class='ocrx_word' id='word_1_184' title='bbox 505 2330 625 2390; x_wconf 88' lang='lat' dir='ltr'>scabrae</span> <span class='ocrx_word' id='word_1_185' title='bbox 647 2332 832 2410; x_wconf 83' lang='lat' dir='ltr'>malignitati</span> <span class='ocrx_word' id='word_1_186' title='bbox 857 2332 991 2391; x_wconf 87' lang='lat' dir='ltr'>clausum</span> <span class='ocrx_word' id='word_1_187' title='bbox 1013 2327 1078 2388; x_wconf 65' lang='lat' dir='ltr'>esi?</span> 
     </span>
     <span class='ocr_line' id='line_1_25' title="bbox 62 2419 1078 2495; baseline -0.002 -18"><span class='ocrx_word' id='word_1_188' title='bbox 62 2419 174 2477; x_wconf 82' lang='lat' dir='ltr'>invidit</span> <span class='ocrx_word' id='word_1_189' title='bbox 195 2420 321 2495; x_wconf 89' lang='lat' dir='ltr'>pauperi</span> <span class='ocrx_word' id='word_1_190' title='bbox 344 2419 434 2479; x_wconf 81' lang='lat' dir='ltr'>dives.</span> <span class='ocrx_word' id='word_1_191' title='bbox 473 2438 540 2478; x_wconf 91' lang='lat' dir='ltr'>cum</span> <span class='ocrx_word' id='word_1_192' title='bbox 563 2423 714 2480; x_wconf 84' lang='lat' dir='ltr'>evocasset</span> <span class='ocrx_word' id='word_1_193' title='bbox 736 2440 783 2479; x_wconf 88' lang='lat' dir='ltr'>mc</span> <span class='ocrx_word' id='word_1_194' title='bbox 807 2420 905 2480; x_wconf 84' lang='lat' dir='ltr'>subito</span> <span class='ocrx_word' id='word_1_195' title='bbox 928 2419 1078 2494; x_wconf 86' lang='lat' dir='ltr'>trepidum</span> 
     </span>
     <span class='ocr_line' id='line_1_26' title="bbox 18 2502 1078 2584; baseline -0.008 -12"><span class='ocrx_word' id='word_1_196' title='bbox 18 2527 48 2572; x_wconf 71' lang='lat' dir='ltr'>aa</span> <span class='ocrx_word' id='word_1_197' title='bbox 62 2510 187 2583; x_wconf 87' lang='lat' dir='ltr'>totoque</span> <span class='ocrx_word' id='word_1_198' title='bbox 210 2509 347 2567; x_wconf 86' lang='lat' dir='ltr'>fortunae</span> <span class='ocrx_word' id='word_1_199' title='bbox 371 2527 442 2568; x_wconf 86' lang='lat' dir='ltr'>suae</span> <span class='ocrx_word' id='word_1_200' title='bbox 465 2509 592 2584; x_wconf 85' lang='lat' dir='ltr'>strepitu</span> <span class='ocrx_word' id='word_1_201' title='bbox 616 2510 873 2569; x_wconf 88' lang='lat' dir='ltr'>circumstetisset:</span> <span class='ocrx_word' id='word_1_202' title='bbox 916 2503 1000 2582; x_wconf 81' lang='lat' dir='ltr'>‘quid</span> <span class='ocrx_word' id='word_1_203' title='bbox 1022 2502 1078 2581; x_wconf 86' lang='lat' dir='ltr'>tu&#39;,</span> 
     </span>
     <span class='ocr_line' id='line_1_27' title="bbox 62 2593 1079 2674; baseline -0.001 -19"><span class='ocrx_word' id='word_1_204' title='bbox 62 2598 171 2672; x_wconf 92' lang='lat' dir='ltr'>inquit,</span> <span class='ocrx_word' id='word_1_205' title='bbox 200 2593 271 2656; x_wconf 77' lang='lat' dir='ltr'>‘non</span> <span class='ocrx_word' id='word_1_206' title='bbox 302 2600 387 2673; x_wconf 88' lang='lat' dir='ltr'>potes</span> <span class='ocrx_word' id='word_1_207' title='bbox 420 2600 556 2674; x_wconf 87' lang='lat' dir='ltr'>inperare</span> <span class='ocrx_word' id='word_1_208' title='bbox 589 2598 694 2674; x_wconf 90' lang='lat' dir='ltr'>apibus</span> <span class='ocrx_word' id='word_1_209' title='bbox 721 2599 782 2658; x_wconf 89' lang='lat' dir='ltr'>tuis</span> <span class='ocrx_word' id='word_1_210' title='bbox 813 2599 894 2657; x_wconf 88' lang='lat' dir='ltr'>intra</span> <span class='ocrx_word' id='word_1_211' title='bbox 925 2599 1079 2674; x_wconf 87' lang='lat' dir='ltr'>privatum</span> 
     </span>
    </p>
   </div>
   <div class='ocr_carea' id='block_1_3' title="bbox 137 2820 1010 2875">
    <p class='ocr_par' dir='ltr' id='par_1_3' title="bbox 137 2820 1010 2875">
     <span class='ocr_line' id='line_1_28' title="bbox 137 2820 1010 2875; baseline -0.001 -1"><span class='ocrx_word' id='word_1_212' title='bbox 137 2826 150 2874; x_wconf 93' lang='lat'>1</span> <span class='ocrx_word' id='word_1_213' title='bbox 172 2820 304 2874; x_wconf 70' lang='lat' dir='ltr'>ortuli!²</span> <span class='ocrx_word' id='word_1_214' title='bbox 388 2826 403 2873; x_wconf 66' lang='grc' dir='ltr'><strong><em>Β</em></strong></span> <span class='ocrx_word' id='word_1_215' title='bbox 423 2821 566 2875; x_wconf 87' lang='lat' dir='ltr'>hortus</span> <span class='ocrx_word' id='word_1_216' title='bbox 650 2820 716 2875; x_wconf 90' lang='lat' dir='ltr'>solis</span> <span class='ocrx_word' id='word_1_217' title='bbox 734 2820 875 2874; x_wconf 86' lang='lat' dir='ltr'>hiberni</span> <span class='ocrx_word' id='word_1_218' title='bbox 864 2837 895 2874; x_wconf 81' lang='lat' dir='ltr'>cn</span> <span class='ocrx_word' id='word_1_219' title='bbox 912 2838 966 2874; x_wconf 79' lang='lat' dir='ltr'>ros.</span> <span class='ocrx_word' id='word_1_220' title='bbox 981 2830 1010 2873; x_wconf 97' lang='grc' dir='ltr'><strong><em>Β</em></strong></span> 
     </span>
    </p>
   </div>
   <div class='ocr_carea' id='block_1_4' title="bbox 59 2937 1080 3642">
    <p class='ocr_par' dir='ltr' id='par_1_4' title="bbox 59 2937 1080 3642">
     <span class='ocr_line' id='line_1_29' title="bbox 62 2937 1011 3028; baseline 0.001 -30"><span class='ocrx_word' id='word_1_221' title='bbox 62 2937 248 3028; x_wconf 57' lang='lat' dir='ltr'>sstpn’ousm</span> <span class='ocrx_word' id='word_1_222' title='bbox 272 2944 505 3013; x_wconf 70' lang='lat' dir='ltr'>etapriousvu</span> <span class='ocrx_word' id='word_1_223' title='bbox 579 2951 666 2999; x_wconf 70' lang='lat' dir='ltr'>tex</span> <span class='ocrx_word' id='word_1_224' title='bbox 693 2947 778 3013; x_wconf 77' lang='lat' dir='ltr'>etB,</span> <span class='ocrx_word' id='word_1_225' title='bbox 804 2953 897 3012; x_wconf 68' lang='lat' dir='ltr'>em,</span> <span class='ocrx_word' id='word_1_226' title='bbox 923 2958 1011 2999; x_wconf 83' lang='lat' dir='ltr'>omo</span> 
     </span>
     <span class='ocr_line' id='line_1_30' title="bbox 61 3015 1078 3086; baseline 0 -17"><span class='ocrx_word' id='word_1_227' title='bbox 61 3016 272 3086; x_wconf 69' lang='lat' dir='ltr'>proximasse</span> <span class='ocrx_word' id='word_1_228' title='bbox 358 3022 374 3069; x_wconf 83' lang='lat'>4</span> <span class='ocrx_word' id='word_1_229' title='bbox 399 3015 516 3070; x_wconf 79' lang='lat' dir='ltr'>cullulos</span> <span class='ocrx_word' id='word_1_230' title='bbox 535 3026 563 3069; x_wconf 86' lang='lat' dir='ltr'><em>P</em></span> <span class='ocrx_word' id='word_1_231' title='bbox 649 3017 756 3070; x_wconf 86' lang='lat' dir='ltr'>virente</span> <span class='ocrx_word' id='word_1_232' title='bbox 779 3016 842 3085; x_wconf 89' lang='lat' dir='ltr'>ripa</span> <span class='ocrx_word' id='word_1_233' title='bbox 862 3025 904 3082; x_wconf 81' lang='grc' dir='ltr'>Μ,</span> <span class='ocrx_word' id='word_1_234' title='bbox 928 3022 1032 3086; x_wconf 65' lang='lat' dir='ltr'>consp.</span> <span class='ocrx_word' id='word_1_235' title='bbox 1047 3038 1078 3069; x_wconf 84' lang='lat' dir='ltr'>m</span> 
     </span>
     <span class='ocr_line' id='line_1_31' title="bbox 62 3086 1079 3156; baseline -0.001 -14"><span class='ocrx_word' id='word_1_236' title='bbox 62 3092 164 3156; x_wconf 70' lang='lat' dir='ltr'>bergo</span> <span class='ocrx_word' id='word_1_237' title='bbox 183 3097 212 3140; x_wconf 97' lang='grc' dir='ltr'><strong><em>Β</em></strong></span> <span class='ocrx_word' id='word_1_238' title='bbox 295 3088 532 3142; x_wconf 73' lang='grc' dir='ltr'>θοοιιοοιιᾱθιθιιι</span> <span class='ocrx_word' id='word_1_239' title='bbox 551 3097 578 3140; x_wconf 84' lang='lat' dir='ltr'><em>P</em></span> <span class='ocrx_word' id='word_1_240' title='bbox 667 3092 700 3141; x_wconf 91' lang='lat'>10</span> <span class='ocrx_word' id='word_1_241' title='bbox 720 3087 868 3141; x_wconf 78' lang='lat' dir='ltr'>defiermm</span> <span class='ocrx_word' id='word_1_242' title='bbox 886 3097 915 3153; x_wconf 78' lang='lat' dir='ltr'>V3</span> <span class='ocrx_word' id='word_1_243' title='bbox 938 3086 1079 3141; x_wconf 86' lang='lat' dir='ltr'>differrem</span> 
     </span>
     <span class='ocr_line' id='line_1_32' title="bbox 61 3157 1010 3226; baseline -0.001 -13"><span class='ocrx_word' id='word_1_244' title='bbox 61 3157 258 3226; x_wconf 80' lang='lat' dir='ltr'>113differam</span> <span class='ocrx_word' id='word_1_245' title='bbox 275 3169 300 3212; x_wconf 78' lang='lat' dir='ltr'><strong><em>J</em></strong></span> <span class='ocrx_word' id='word_1_246' title='bbox 388 3163 419 3213; x_wconf 94' lang='lat'>11</span> <span class='ocrx_word' id='word_1_247' title='bbox 445 3158 537 3213; x_wconf 85' lang='lat' dir='ltr'>laesae</span> <span class='ocrx_word' id='word_1_248' title='bbox 561 3160 590 3212; x_wconf 85' lang='lat' dir='ltr'>et</span> <span class='ocrx_word' id='word_1_249' title='bbox 610 3159 706 3212; x_wconf 86' lang='lat' dir='ltr'>taedia</span> <span class='ocrx_word' id='word_1_250' title='bbox 725 3168 757 3212; x_wconf 91' lang='grc' dir='ltr'><em>Μ</em></span> <span class='ocrx_word' id='word_1_251' title='bbox 843 3157 964 3213; x_wconf 89' lang='lat' dir='ltr'>habeam</span> <span class='ocrx_word' id='word_1_252' title='bbox 983 3169 1010 3212; x_wconf 81' lang='grc' dir='ltr'><strong><em>Ρ</em></strong></span> 
     </span>
     <span class='ocr_line' id='line_1_33' title="bbox 62 3229 1078 3285; baseline -0.001 -1"><span class='ocrx_word' id='word_1_253' title='bbox 62 3235 97 3284; x_wconf 78' lang='lat'>12</span> <span class='ocrx_word' id='word_1_254' title='bbox 115 3229 309 3283; x_wconf 81' lang='lat' dir='ltr'>vimina-ne</span> <span class='ocrx_word' id='word_1_255' title='bbox 329 3231 392 3284; x_wconf 84' lang='lat' dir='ltr'><strong><em>l.13</em></strong></span> <span class='ocrx_word' id='word_1_256' title='bbox 411 3238 497 3284; x_wconf 76' lang='lat' dir='ltr'>onas</span> <span class='ocrx_word' id='word_1_257' title='bbox 562 3235 594 3283; x_wconf 80' lang='lat'>13</span> <span class='ocrx_word' id='word_1_258' title='bbox 613 3232 720 3284; x_wconf 86' lang='lat' dir='ltr'>texere:</span> <span class='ocrx_word' id='word_1_259' title='bbox 741 3246 817 3284; x_wconf 86' lang='lat' dir='ltr'>-xere</span> <span class='ocrx_word' id='word_1_260' title='bbox 836 3231 982 3285; x_wconf 67' lang='lat' dir='ltr'>innuen</span> <span class='ocrx_word' id='word_1_261' title='bbox 1043 3246 1078 3284; x_wconf 92' lang='lat' dir='ltr'>ne</span> 
     </span>
     <span class='ocr_line' id='line_1_34' title="bbox 60 3300 1078 3368; baseline 0 -14"><span class='ocrx_word' id='word_1_262' title='bbox 60 3300 192 3356; x_wconf 65' lang='lat' dir='ltr'>vasidedu:</span> <span class='ocrx_word' id='word_1_263' title='bbox 212 3301 597 3368; x_wconf 71' lang='lat' dir='ltr'>neom.flv;velom.n1ao</span> <span class='ocrx_word' id='word_1_264' title='bbox 648 3301 772 3355; x_wconf 75' lang='lat' dir='ltr'>arbor?</span> <span class='ocrx_word' id='word_1_265' title='bbox 824 3301 984 3355; x_wconf 74' lang='lat' dir='ltr'>aut:ad13</span> <span class='ocrx_word' id='word_1_266' title='bbox 1036 3302 1078 3354; x_wconf 85' lang='lat' dir='ltr'>vis</span> 
     </span>
     <span class='ocr_line' id='line_1_35' title="bbox 59 3369 1076 3443; baseline 0.001 -18"><span class='ocrx_word' id='word_1_267' title='bbox 59 3369 208 3443; x_wconf 74' lang='lat' dir='ltr'>grandinis</span> <span class='ocrx_word' id='word_1_268' title='bbox 226 3383 250 3426; x_wconf 81' lang='lat' dir='ltr'><em>J</em></span> <span class='ocrx_word' id='word_1_269' title='bbox 339 3378 372 3426; x_wconf 77' lang='lat'>14</span> <span class='ocrx_word' id='word_1_270' title='bbox 390 3372 502 3426; x_wconf 88' lang='lat' dir='ltr'>hiantes</span> <span class='ocrx_word' id='word_1_271' title='bbox 521 3385 557 3436; x_wconf 77' lang='lat' dir='ltr'>cc</span> <span class='ocrx_word' id='word_1_272' title='bbox 643 3371 731 3426; x_wconf 89' lang='lat' dir='ltr'>linere</span> <span class='ocrx_word' id='word_1_273' title='bbox 750 3382 816 3437; x_wconf 67' lang='lat' dir='ltr'>„uso</span> <span class='ocrx_word' id='word_1_274' title='bbox 909 3377 941 3426; x_wconf 86' lang='grc'>16</span> <span class='ocrx_word' id='word_1_275' title='bbox 960 3377 1076 3426; x_wconf 85' lang='lat' dir='ltr'>terrere:</span> 
     </span>
     <span class='ocr_line' id='line_1_36' title="bbox 59 3443 1077 3516; baseline 0 -18"><span class='ocrx_word' id='word_1_276' title='bbox 59 3443 153 3516; x_wconf 61' lang='lat' dir='ltr'>habre</span> <span class='ocrx_word' id='word_1_277' title='bbox 171 3453 200 3496; x_wconf 97' lang='grc' dir='ltr'><strong><em>Β</em></strong></span> <span class='ocrx_word' id='word_1_278' title='bbox 287 3443 377 3498; x_wconf 90' lang='lat' dir='ltr'>iactu:</span> <span class='ocrx_word' id='word_1_279' title='bbox 396 3461 416 3496; x_wconf 90' lang='lat' dir='ltr'>u</span> <span class='ocrx_word' id='word_1_280' title='bbox 434 3460 468 3497; x_wconf 82' lang='lat' dir='ltr'>ecc</span> <span class='ocrx_word' id='word_1_281' title='bbox 486 3460 553 3498; x_wconf 84' lang='lat' dir='ltr'>corr.</span> <span class='ocrx_word' id='word_1_282' title='bbox 569 3453 602 3496; x_wconf 92' lang='grc' dir='ltr'><em>Μ</em></span> <span class='ocrx_word' id='word_1_283' title='bbox 685 3448 718 3496; x_wconf 89' lang='grc'>19</span> <span class='ocrx_word' id='word_1_284' title='bbox 736 3460 825 3498; x_wconf 84' lang='lat' dir='ltr'>vacua</span> <span class='ocrx_word' id='word_1_285' title='bbox 844 3443 937 3497; x_wconf 85' lang='lat' dir='ltr'>saluos</span> <span class='ocrx_word' id='word_1_286' title='bbox 956 3446 979 3512; x_wconf 84' lang='lat' dir='ltr'>(s</span> <span class='ocrx_word' id='word_1_287' title='bbox 994 3445 1077 3512; x_wconf 79' lang='lat' dir='ltr'>prius</span> 
     </span>
     <span class='ocr_line' id='line_1_37' title="bbox 59 3514 1080 3585; baseline -0.003 -15"><span class='ocrx_word' id='word_1_288' title='bbox 59 3517 110 3584; x_wconf 82' lang='lat' dir='ltr'>er.)</span> <span class='ocrx_word' id='word_1_289' title='bbox 124 3522 158 3569; x_wconf 85' lang='grc' dir='ltr'><em>Μ</em></span> <span class='ocrx_word' id='word_1_290' title='bbox 216 3514 329 3585; x_wconf 82' lang='lat' dir='ltr'>phoeda</span> <span class='ocrx_word' id='word_1_291' title='bbox 345 3524 410 3581; x_wconf 85' lang='grc' dir='ltr'>ΒΜ,</span> <span class='ocrx_word' id='word_1_292' title='bbox 430 3532 497 3570; x_wconf 79' lang='lat' dir='ltr'>corr.</span> <span class='ocrx_word' id='word_1_293' title='bbox 513 3524 572 3567; x_wconf 91' lang='grc' dir='ltr'>ΒΜ</span> <span class='ocrx_word' id='word_1_294' title='bbox 622 3515 764 3582; x_wconf 72' lang='lat' dir='ltr'>vinsidisas</span> <span class='ocrx_word' id='word_1_295' title='bbox 783 3525 810 3568; x_wconf 88' lang='grc' dir='ltr'><strong><em>Β</em></strong></span> <span class='ocrx_word' id='word_1_296' title='bbox 876 3521 909 3567; x_wconf 76' lang='lat'>25</span> <span class='ocrx_word' id='word_1_297' title='bbox 930 3515 978 3582; x_wconf 90' lang='lat' dir='ltr'>qui</span> <span class='ocrx_word' id='word_1_298' title='bbox 997 3519 1029 3567; x_wconf 88' lang='lat' dir='ltr'>tu</span> <span class='ocrx_word' id='word_1_299' title='bbox 1049 3523 1080 3566; x_wconf 91' lang='grc' dir='ltr'><em>Μ</em></span> 
     </span>
     <span class='ocr_line' id='line_1_38' title="bbox 60 3585 470 3642; baseline -0.007 -1"><span class='ocrx_word' id='word_1_300' title='bbox 60 3591 96 3642; x_wconf 78' lang='lat'>26</span> <span class='ocrx_word' id='word_1_301' title='bbox 115 3587 148 3639; x_wconf 89' lang='lat' dir='ltr'>nt</span> <span class='ocrx_word' id='word_1_302' title='bbox 166 3585 241 3639; x_wconf 89' lang='lat' dir='ltr'>intra</span> <span class='ocrx_word' id='word_1_303' title='bbox 258 3595 280 3638; x_wconf 79' lang='lat' dir='ltr'><strong><em>V</em></strong></span> <span class='ocrx_word' id='word_1_304' title='bbox 467 3616 470 3620; x_wconf 22' lang='grc' dir='ltr'><strong>Δ</strong></span> 
     </span>
    </p>
   </div>
   <div class='ocr_carea' id='block_1_5' title="bbox 0 0 1220 3952">
    <p class='ocr_par' dir='ltr' id='par_1_5' title="bbox 0 0 1220 3952">
     <span class='ocr_line' id='line_1_39' title="bbox 0 0 1220 3952; baseline 0 0"><span class='ocrx_word' id='word_1_305' title='bbox 0 0 1220 3952; x_wconf 95' lang='lat' dir='ltr'> </span> 
     </span>
    </p>
   </div>
  </div>
 </body>
</html>
