2430 3952
368 187 602 247 beuuarriam
621 189 647 244 v
662 195 774 248 19-21.
1009 192 1072 256 107

56 356 267 434 redempturus
298 359 457 433 utrumque
489 361 610 435 venisti,
642 377 702 419 non
734 359 808 419 adeo
839 362 940 418 tamen
972 379 1073 420 sensus

57 463 145 509 meos
165 446 292 524 languor
313 445 467 507 hebetavit
497 451 532 508 ut
555 448 667 507 exitum
685 447 865 507 condicionis
884 448 971 508 huius
989 450 1073 526 iguo-

58 554 131 599 rem
178 554 233 612 ego
255 536 437 611 luxuriosus,
465 556 520 614 ege
547 537 693 613 perditus,
720 555 798 596 nune
820 556 890 596 vero
918 556 1007 612 super
1027 539 1073 597 in·

58 624 186 688 famum
208 623 336 685 nominis
364 625 451 686 huius
474 626 609 685 emoriar.
654 627 771 685 utinam
792 626 848 684 hoe
872 627 977 685 saltem
998 628 1073 685 mihi

21 733 41 774 e
58 731 127 777 sere
154 714 220 774 fata
244 715 445 789 praestarent,
473 717 508 773 ut
534 714 685 774 residuum
711 714 876 774 laborantis
902 717 1018 774 animae
1040 717 1073 773 in

57 804 114 865 tuo
135 820 313 878 poneremus
335 804 482 878 amplexu.
528 804 580 864 sed
602 805 629 863 si
650 823 734 862 mora
758 805 803 865 est
827 804 945 880 longior
967 824 1072 879 prope·

54 891 196 955 mutibus
225 893 379 967 expectare
406 894 593 968 pereuntem,
616 893 657 951 ite
681 894 869 968 superstites,
892 895 934 951 ite
956 893 1072 967 feliees3

56 979 115 1041 has
136 981 256 1043 tantum
277 981 420 1056 reliquias
443 981 645 1041 sommendate
668 982 787 1056 piratis,
810 1001 848 1040 ne
870 1001 982 1041 mersus
1004 1001 1072 1058 pro·

57 1067 166 1143 fimdo,
193 1069 342 1144 proiectus
370 1071 401 1129 in
428 1071 550 1146 fluetus,
583 1072 694 1129 exitum
721 1071 830 1130 faeiem
861 1070 1001 1144 hominis,
1034 1071 1072 1130 ad

10 1177 42 1218 ιο
59 1175 150 1232 quem
172 1177 232 1217 non
255 1159 370 1217 venerit
392 1162 486 1234 pater.
531 1159 608 1218 unde
631 1161 710 1218 enim
733 1177 851 1235 sperare
876 1179 1010 1235 possum,
1036 1163 1072 1218 ut

56 1248 227 1320 revertaris,
249 1250 284 1305 ut
306 1244 431 1307 faeiasP'
468 1250 540 1307 tune
563 1267 651 1324 super
674 1249 801 1323 abrupta
821 1248 912 1307 verba
934 1251 1000 1308 tota
1023 1249 1071 1307 de-

55 1335 186 1399 laeuone
210 1338 361 1411 conticuit,
385 1337 555 1412 strietisque
578 1339 656 1396 eirea
674 1338 818 1397 vitalibus
836 1337 967 1397 dolorem
986 1356 1072 1397 suum

55 1423 191 1488 mambra
212 1427 376 1502 riguerunt.
413 1426 584 1500 exclamavi,
607 1427 716 1484 fateor:
740 1421 825 1502 ‘quid
848 1427 922 1504 agis,
945 1425 1071 1491 infelix?

56 1532 114 1577 aur
131 1511 338 1589 desperatione
355 1514 540 1576 eonlaberis?
578 1515 683 1574 attolle
701 1516 852 1591 paulisper
871 1516 979 1590 oculoS,
1003 1534 1071 1574 eon-

10 1621 39 1665 as
54 1601 157 1677 filma,
185 1602 272 1677 dura,
299 1605 329 1662 te
357 1603 450 1662 frater
478 1600 588 1682 elegit?
635 1606 700 1663 visa
723 1607 768 1663 est
791 1624 844 1680 per
870 1604 946 1662 hane
968 1623 1072 1663 vocem

54 1709 157 1756 meam
182 1695 304 1767 peraeta
327 1692 474 1767 eondieio,
502 1693 642 1752 continuo
665 1693 765 1768 pirata
787 1693 917 1752 detraxit
942 1696 1071 1766 catenas,

55 1779 159 1843 vinela
179 1781 304 1841 laxavit.
347 1781 448 1856 vultis,
472 1782 595 1860 elegisse
617 1801 664 1840 me
686 1780 811 1859 negem?
848 1783 949 1856 vultis,
971 1785 1004 1841 in
1026 1782 1070 1840 lu-

55 1887 123 1931 aem
145 1868 282 1944 diemque
304 1862 468 1945 productus
491 1873 602 1929 carceri
624 1889 677 1929 suo
700 1870 842 1929 reddatur
865 1869 973 1948 aeger?
1015 1890 1069 1948 ego

55 1976 128 2017 vero
150 1977 211 2019 nou
233 1959 325 2021 habui
348 1960 439 2018 verba
462 1959 569 2036 quibus
591 1980 638 2018 me
661 1959 838 2035 deliberare,
861 1961 968 2035 quibus
990 1960 1070 2019 nolle

10 2065 41 2109 sa
55 2047 273 2110 eontenderem.
318 2048 411 2108 uultis
438 2051 512 2109 seire
541 2049 613 2125 quid
635 2051 734 2124 pater,
763 2048 835 2124 quid
857 2050 958 2124 pirata
984 2068 1071 2125 prae-

54 2134 191 2197 stiterit?
236 2155 291 2213 ego
314 2136 387 2196 duos
409 2137 529 2213 redemi,
552 2138 603 2196 sed
627 2138 754 2196 alterum
777 2140 886 2212 aeeepi.

52 2264 55 2271 ·
125 2218 180 2284 ‘Vt
206 2221 303 2294 seias',
330 2227 444 2301 iuquit,
468 2221 604 2304 ‘aegrum
630 2227 736 2285 redimi
759 2247 819 2287 non
845 2226 993 2300 debuisse,
1021 2227 1070 2285 de·

54 2314 178 2373 functum
202 2309 267 2376 est'
313 2315 513 2398 crudelissime
537 2315 652 2392 generis
675 2316 807 2389 humani,
830 2316 958 2391 quinos
980 2319 1069 2389 putas

53 2403 189 2479 pretium
210 2405 299 2465 tuum
321 2404 492 2480 perdidisse,
516 2405 594 2479 audi,
618 2423 709 2480 quam
731 2405 826 2463 multa
849 2405 934 2463 nobis
957 2405 989 2462 in
1007 2423 1069 2461 mo-

10 2511 38 2553 rs
53 2491 153 2554 usuro
176 2491 237 2551 filio
259 2494 359 2568 pirata
377 2493 546 2555 reddiderit.
583 2495 677 2552 frater
694 2495 765 2553 tuus
784 2495 835 2552 ille
853 2495 932 2552 inter
949 2493 1070 2551 vincula

53 2583 237 2656 catenasque
260 2581 397 2641 deficiens
424 2584 583 2657 respiravit
607 2582 721 2658 aliquid
743 2583 775 2640 in
802 2585 868 2641 toro
891 2581 1069 2656 tandemque

52 2669 167 2733 liberas
194 2671 321 2730 uinculis
348 2690 453 2730 manus
480 2691 534 2747 per
559 2674 652 2733 totius
680 2671 785 2731 leetuli
811 2670 910 2746 spatia
936 2670 1069 2745 iactavit,

53 2761 126 2841 past
142 2760 251 2833 impias
275 2762 399 2819 aareeris
423 2760 522 2819 sordes
544 2759 633 2819 illum
656 2779 723 2819 eum
745 2759 834 2819 ferali
852 2761 933 2819 veste
952 2759 1070 2833 squalo-

53 2866 123 2913 rem
143 2849 234 2922 exuit,
257 2849 409 2924 paulisper
432 2869 520 2926 aeger
542 2849 619 2908 vidit
641 2849 831 2925 propinquos,
855 2849 1002 2909 allocutus
1026 2851 1070 2907 est

10 2955 40 2999 ω
56 2938 178 3015 amieos,
200 2937 367 3012 mandavit,
392 2938 503 3015 exegit,
526 2941 555 2996 et
579 2938 713 3014 quamvis
738 2956 876 3013 suprema
899 2940 977 2995 sorte
1001 2956 1069 2996 eon·

54 3024 169 3098 labens,
191 3027 275 3101 prius
293 3028 394 3085 temen
416 3028 482 3090 luee
502 3026 577 3085 eseli
594 3026 688 3085 libera
707 3027 834 3089 satiatus
854 3028 905 3087 est.
943 3027 1070 3092 eontulit
1085 3025 1121 3080 21

55 3120 271 3141 k--—.—.—.

128 3183 144 3231 2
168 3177 316 3232 hebetabit
333 3187 394 3231 ΒΜ
463 3183 477 3230 3
502 3181 531 3233 et
549 3193 601 3247 ege
620 3178 747 3246 perditus
766 3190 781 3242 e
852 3183 868 3230 5
892 3176 969 3231 faeta
988 3185 1021 3229 Μ

56 3248 363 3318 ttuos...amplexus
385 3259 407 3302 V
474 3256 490 3303 9
509 3251 652 3318 protectus
670 3257 730 3301 ΒΜ
799 3254 831 3300 12
851 3248 925 3302 eirca
945 3248 1069 3306 dolorem

54 3319 189 3379 vitalibus
204 3330 245 3388 Μς
264 3320 397 3397 vitalibus
417 3320 490 3375 eirea
509 3334 524 3386 e
579 3326 611 3374 15
630 3337 692 3391 per:
711 3322 777 3391 post
794 3329 848 3384 Vsu
900 3325 932 3372 17
947 3319 1030 3378 voltis
1044 3329 1072 3377 Β

57 3432 91 3482 18
109 3426 215 3485 maeri
234 3443 284 3481 suo
303 3438 398 3494 em,
417 3429 449 3482 iu
463 3445 549 3497 mare.
565 3427 662 3483 adda
734 3432 768 3481 20
787 3391 856 3494 quid
874 3427 969 3494 pirata
987 3434 1020 3482 Μ

56 3503 91 3557 28
114 3497 290 3556 erudelissim
308 3507 342 3565 Β,
361 3516 376 3554 a
395 3499 493 3555 adds
579 3504 612 3551 26
636 3499 695 3553 toto
714 3508 748 3566 B,
767 3515 835 3553 corr.
851 3507 881 3563 a,
902 3497 983 3553 thoro
1003 3509 1017 3560 β

57 3574 89 3624 81
110 3568 182 3625 aoeli
199 3568 263 3624 luce
282 3583 296 3634 s
