2430 3952
146 184 210 247 154
454 181 586 236 eninm
602 181 847 239 LANGVEN'I'ES

143 353 288 413 suasionis
311 351 480 412 hominibus
508 354 593 429 queri
616 346 681 432 [de]
704 353 798 413 totius
821 355 937 431 generis
960 354 1085 414 humani
1105 376 1159 416 no·

142 444 222 500 mine
245 442 321 500 volo.
368 460 459 517 quam
480 443 591 501 multas
614 444 694 502 artes
716 444 826 502 misera
850 445 1024 509 mortalium
1047 445 1159 505 solliei-

142 531 215 589 tudo
234 527 352 589 fecisti?
389 532 452 590 fato
471 533 609 606 vivimus,
628 531 812 609 languemus,
831 533 1071 608 convalescimus,
1095 554 1158 593 mo·

141 623 243 694 rimur,
266 619 423 694 medisina,
446 620 516 695 quid
540 622 684 696 praestas,
707 623 767 680 nisi
790 622 825 680 ut
842 623 926 680 iuxta
948 624 979 680 te
1002 642 1089 681 nemo
1109 624 1157 682 de·

142 707 261 785 speret?
306 708 456 767 dicturum
483 728 530 768 me
557 712 659 784 putas:
693 704 764 767 ‘non
792 710 878 768 eredo
905 712 1157 788 renuntiantibus,
1185 733 1193 774 a

141 817 201 858 non
224 798 339 872 aooedo,
363 816 430 856 oum
453 798 591 858 deserunt
613 799 846 874 relinquuntque
867 797 1063 877 languentes'
1103 822 1158 880 ego

141 907 211 947 vero
243 887 364 946 medicis
396 906 456 945 non
489 887 574 945 oredo
609 887 804 962 sperantibus.
857 891 981 964 aspicite
1012 892 1159 950 maiorem

140 979 259 1053 partem
281 977 396 1054 generis
419 977 542 1034 humani
565 978 608 1049 et,
636 978 730 1035 sime
754 979 932 1055 interroges,
960 979 1046 1037 illam
1069 980 1158 1038 robu-

141 1069 271 1140 stiorem,
293 1065 379 1123 illam
402 1065 497 1123 adhue
520 1067 552 1123 in
573 1067 671 1141 prima
694 1084 794 1124 rerum
817 1069 941 1126 naturae
960 1070 1088 1126 veritate
1112 1072 1157 1128 ri-

140 1158 268 1228 ventem,
290 1154 388 1213 nullos
408 1156 480 1213 artis
503 1154 592 1214 huius
615 1156 700 1212 novit
723 1157 894 1215 antestites:
916 1174 969 1215 neo
992 1159 1091 1216 minus
1110 1161 1156 1216 ta·
1173 1181 1193 1220 ro

140 1263 208 1302 meu
226 1243 373 1302 bellorum
391 1243 562 1303 vulneribus
579 1244 809 1320 morborumque
826 1245 962 1304 medetur
980 1247 1157 1322 incursibus,

140 1352 200 1392 non
223 1333 460 1409 disputationum
485 1335 619 1392 vanitate
643 1334 771 1408 sollerti,
800 1334 851 1394 sed
874 1337 1096 1410 experimentis,
1126 1340 1157 1395 et

140 1425 268 1482 invicem
295 1441 348 1498 per
376 1424 486 1483 similes
515 1422 731 1498 dissimilesque
754 1441 838 1483 ossus
867 1423 1073 1483 observatione
1102 1425 1178 1483 du-·

141 1516 234 1587 eante,
256 1513 369 1571 tradita
391 1514 507 1572 ratione
531 1515 684 1572 sneourrit.
730 1532 790 1572 non
812 1513 959 1572 medisina
982 1516 1077 1588 sanat,
1104 1514 1159 1573 sed

88 1607 126 1663 lo
140 1602 283 1678 quiequid
305 1602 424 1661 uidetur
446 1621 574 1676 sanasse,
596 1602 744 1686 medisina
767 1604 819 1660 est.
857 1621 915 1678 qno
938 1602 1030 1661 uultis
1054 1606 1155 1662 animo
1171 1626 1193 1666 rs

140 1693 235 1751 feram
258 1692 337 1767 quod
361 1710 416 1764 ars,
441 1694 587 1766 quantum
609 1691 716 1765 dieitis,
739 1693 863 1749 inventa
884 1709 939 1766 pro
962 1693 1035 1765 vita,
1059 1694 1085 1751 si
1108 1692 1154 1752 dis

139 1783 246 1858 plaoot,
270 1782 480 1839 auctoritatem
503 1781 688 1855 formamque
712 1783 827 1855 captat,
855 1782 890 1838 ut
916 1780 1005 1858 longe
1027 1783 1155 1840 ventura

140 1889 278 1947 suprema
300 1871 472 1945 prospiciat,
496 1873 531 1928 ut
554 1869 656 1929 adesse
679 1869 743 1929 feta
767 1869 921 1927 denuntiet
945 1889 1020 1944 quae
1039 1888 1092 1928 neo
1115 1873 1154 1928 ti-

139 1963 266 2033 mentur,
289 1962 320 2017 et
341 1960 488 2018 maximae
512 1960 652 2018 soientine
674 1977 744 2033 pars
769 1978 830 2017 esse
850 1961 946 2033 eoepit
965 1977 1070 2017 sanare
1093 1977 1154 2017 non

139 2045 245 2124 posse?
282 2049 477 2122 quisquamne
497 2047 535 2107 ab
557 2049 677 2105 homine
696 2049 748 2122 qui
766 2047 863 2106 adhue
882 2047 1024 2122 loquitur,
1048 2050 1153 2122 spirat,
1168 2072 1193 2110 so

138 2133 302 2217 intellegit,
330 2139 372 2195 sie
399 2137 512 2195 resedit
537 2137 785 2211 quemadmodum
811 2137 991 2212 relinquitur
1018 2139 1153 2196 exanime

139 2244 253 2301 eorpus,
277 2228 307 2284 et
324 2224 368 2282 ibi
386 2225 474 2284 finem
492 2227 573 2284 vitae
591 2225 718 2302 putabit,
738 2225 905 2300 ubieunque
924 2228 1065 2284 seientiae
1085 2226 1153 2285 sub-

139 2316 251 2374 stiterit
272 2312 450 2373 infirmitas?
487 2317 514 2374 si
535 2315 733 2392 fragilitatem
753 2315 947 2374 mortalitatis
965 2317 1153 2390 incertosque

139 2405 264 2464 velimus
288 2405 444 2462 aestimare
468 2422 566 2478 ossus,
593 2404 770 2463 tantundem
796 2405 921 2479 periculi
943 2404 1033 2462 habet
1056 2407 1152 2464 omnis

140 2512 235 2572 aeger.
287 2495 508 2568 iniquissimum
540 2495 585 2553 est
616 2493 835 2568 desperationes
868 2495 981 2567 vocari,
1014 2496 1152 2568 quotiens
1168 2517 1193 2556 ee

138 2583 301 2642 remedium
328 2582 474 2641 medioina
501 2601 560 2640 non
591 2584 719 2657 invenit,
748 2585 778 2642 et
805 2585 959 2660 angustias
987 2584 1049 2641 sive
1078 2585 1152 2642 artis

139 2693 191 2732 seu
213 2674 321 2733 montis
348 2672 496 2730 humanae
519 2672 557 2731 ad
584 2671 730 2731 inuidiam
756 2673 866 2732 referre
890 2673 1028 2730 fatorum.
1075 2673 1152 2730 nihil

88 2752 91 2760 ¹
138 2765 234 2840 magis
260 2764 403 2821 interesse
426 2763 559 2819 omnium
581 2763 668 2836 puto,
693 2780 784 2836 quarn
805 2764 840 2819 ut
863 2781 929 2836 spes
952 2779 1006 2836 pro
1031 2759 1151 2818 homine

210 3018 318 3086 lquiri
337 3030 364 3072 Ρ
422 3025 519 3074 tonte
537 3018 716 3088 sperantibus
734 3037 770 3074 er.
787 3019 822 3073 de
836 3028 868 3072 Μ
924 3019 1106 3073 9veritatem
1124 3028 1153 3072 Β

139 3094 173 3143 10
191 3089 282 3143 nullos
303 3102 329 3143 s:
350 3089 443 3144 nullus
462 3113 484 3142 ω
563 3089 710 3144 antestites
733 3100 763 3144 V:
783 3091 901 3144 antistes
920 3100 988 3157 ΒΜς
1008 3089 1151 3144 antistites

138 3173 174 3226 eo
248 3163 356 3215 tamen:
376 3165 471 3226 tums
552 3167 583 3215 11
603 3177 658 3230 que
676 3178 726 3216 om.
742 3174 763 3214 o
842 3168 875 3216 13
895 3161 1045 3215 dissimiles
1064 3178 1114 3216 om.
1134 3172 1156 3213 V

139 3292 171 3340 16
190 3232 351 3353 ieralnquld
368 3294 397 3338 Β
414 3289 498 3357 (eope.
513 3284 565 3356 ῠὲ)
632 3302 683 3354 pro
702 3285 816 3340 inventa
834 3285 881 3340 sed
899 3292 1003 3356 transq).
1022 3296 1043 3339 V
1107 3287 1151 3340 dis

136 3393 231 3461 placet
249 3401 277 3445 V:
297 3391 430 3460 displicet
447 3393 547 3460 reliqui
633 3398 665 3446 18
685 3409 835 3462 supprema
853 3402 881 3446 Β
958 3373 1107 3460 denuntidt
1124 3404 1153 3448 Β

138 3505 171 3552 ne
195 3463 333 3552 alutaris
355 3507 376 3550 r
452 3504 485 3551 24
504 3499 623 3553 tannes
640 3508 680 3566 n,
699 3499 815 3553 emanue
835 3510 862 3552 P
941 3517 1034 3554 omnes
1055 3511 1082 3553 ι»

138 3576 172 3623 27
192 3571 249 3624 sive
269 3578 301 3622 ιι
370 3573 406 3622 28
422 3569 513 3638 magia
532 3569 605 3624 nihil
623 3579 660 3637 ιι,
680 3576 784 3640 transp.
799 3592 830 3623 m
