2430 3952
392 228 626 285 DECLAMA'HO
645 229 684 284 IV
704 234 815 284 17-20.
1067 231 1110 296 85

98 401 169 459 sunt
191 401 260 457 ante
283 399 424 474 virtutes,
451 417 686 476 magnorumque
709 417 833 475 operum
859 401 942 475 prior
965 399 1036 457 ordo
1060 398 1109 457 de-

97 487 191 546 fluxit
228 490 337 564 potest,
354 491 438 564 puto,
457 488 554 547 caveri
572 487 765 564 parricidium
781 488 860 564 quod
879 491 910 547 et
927 488 1110 564 praedicitur

98 579 129 636 et
151 576 346 636 novissimum
369 580 421 635 est.

164 665 340 744 Fingamus,
371 668 466 742 pater,
502 666 746 724 mathematicum
777 665 813 724 de
845 665 901 724 hac
932 666 996 724 sola
1027 668 1108 725 vitae
1122 666 1160 722 19

70 773 180 814 imeae
202 757 288 830 parte
310 756 483 827 mentitum3
512 754 587 829 quid
608 755 686 812 tanti
709 757 766 828 est,
795 755 830 812 ut
852 754 970 814 credam
995 755 1055 813 ista
1079 758 1109 813 et

96 841 218 902 vivam?
255 842 348 903 occidi
371 863 430 902 non
452 844 552 919 potest
574 845 667 919 pater.
705 842 756 900 sed
775 842 847 918 quid
864 844 962 918 refert,
986 838 1013 903 si
1032 843 1108 901 diffi-

97 933 195 992 cultas
223 933 282 991 ista
309 951 369 990 non
399 934 444 991 est
473 932 557 991 salva
587 933 687 990 animo
716 930 802 990 meo?
847 933 963 990 excedit
992 951 1107 991 omnem

96 1022 309 1096 calamitatem,
327 1021 514 1080 innocentiae
532 1039 603 1080 suae
622 1040 681 1080 non
700 1020 825 1095 credere,
840 1021 942 1080 diebus
961 1039 996 1080 ac
1015 1021 1108 1080 nocti-

95 1109 152 1170 bus
174 1109 293 1184 timere,
321 1112 491 1187 suspectum
512 1108 621 1168 habere
645 1111 777 1167 animum
805 1127 904 1184 suum,
932 1110 1109 1169 calumniari

56 1217 212 1274 romanus,
229 1200 384 1258 incausarc
403 1200 483 1258 visus
502 1200 532 1256 et
554 1198 763 1274 parricidalem
782 1217 868 1276 agere
888 1200 1108 1277 cogitationem.

96 1289 194 1347 maior
219 1288 294 1346 mibi
320 1289 398 1346 ratio
425 1287 570 1345 moriendi
598 1289 656 1361 est,
684 1289 711 1344 ei
737 1287 931 1363 parricidium
957 1287 1022 1346 fieri
1049 1307 1109 1346 non

96 1378 205 1454 potest,
229 1379 259 1435 et
281 1394 336 1454 ego
358 1394 406 1434 me
429 1374 515 1435 credo
538 1376 695 1434 facturum.
742 1395 830 1451 quem
851 1379 886 1434 tu
908 1377 991 1452 mihi,
1013 1379 1108 1452 pater,

96 1467 226 1541 imperas
239 1462 392 1524 laborem?
411 1484 501 1540 quam
519 1482 655 1540 asperam
669 1464 762 1540 exigis
780 1463 979 1539 patientiam?
1003 1466 1108 1524 horreo

96 1554 199 1613 oscula
212 1556 274 1628 tua„
289 1574 327 1613 ne
346 1554 452 1613 seniles
471 1555 555 1612 antus
573 1553 699 1611 nimium
717 1553 816 1630 gravis
835 1554 989 1630 amplexus
1008 1553 1108 1613 elidat.

55 1664 81 1703 rs
96 1662 157 1702 non
180 1643 310 1702 sustineo
335 1643 452 1702 eosdem
475 1644 610 1718 expetere
633 1645 793 1717 convictus,
815 1662 852 1701 ne
874 1660 949 1717 quos
972 1661 1109 1718 porrexe-

94 1731 154 1790 rim
187 1731 280 1809 cibos,
309 1750 423 1791 venena
439 1731 534 1791 fiant.
579 1733 669 1790 timeo
700 1730 831 1790 eiusdem
860 1733 1109 1808 peregrinationis

94 1820 179 1879 adire
203 1821 384 1880 comitatum.
430 1839 516 1880 omne
539 1819 623 1898 fugio
647 1822 799 1894 secretum,
823 1839 860 1878 ne
884 1821 956 1895 quid
978 1821 1108 1894 fortuna,

93 1929 132 1968 ne
156 1910 230 1984 quid
252 1909 469 1969 afferatcasus.
507 1926 659 1985 quousque
681 1909 837 1968 timebitur
855 1907 992 1968 animus?
1028 1927 1108 1968 mors

94 1999 171 2057 mibi
188 2002 340 2075 praestare
358 2000 465 2074 potest,
488 2017 525 2057 ne
543 1998 737 2074 parricidium
759 1998 877 2073 faciam,
900 2016 988 2073 mors,
1007 2001 1042 2057 ut
1064 1999 1108 2057 vi-

54 2107 81 2148 so
95 2088 168 2147 dear
189 2105 243 2146 nec
265 2087 358 2146 frussc
380 2087 522 2147 facturus.
570 2086 621 2145 sed
643 2106 690 2145 me
712 2087 876 2163 infelicem,
900 2106 988 2162 quam
1012 2088 1109 2145 multa

95 2179 166 2236 sunt
193 2194 269 2252 quae
296 2177 400 2235 timere
429 2177 551 2234 debeam
578 2177 669 2234 etiam
697 2179 800 2234 contra
828 2179 961 2234 animum
990 2174 1109 2234 meum?

94 2265 173 2324 unde
197 2267 271 2340 scio,
299 2284 339 2323 an
362 2265 516 2340 expulsum
538 2283 585 2322 me
607 2267 728 2339 repente
752 2265 886 2324 sensibus
909 2267 982 2324 meis
1007 2266 1109 2341 aliqua

94 2354 198 2432 magni
220 2353 399 2414 discriminis
426 2356 524 2431 imago
552 2355 676 2429 raptura
700 2351 761 2412 sit?
806 2354 949 2429 prosilibo
973 2355 1108 2427 fortasse,

93 2445 252 2518 tamquam
270 2461 378 2518 sequar
396 2441 512 2502 classici
529 2442 663 2502 vocantis
681 2442 864 2518 instinctum,
887 2445 1044 2517 tamquam
1061 2461 1108 2500 me

54 2550 80 2592 ss
93 2533 210 2600 ruentis
231 2531 348 2608 patriae
374 2531 475 2609 fragor
498 2532 528 2590 et
550 2530 724 2590 vociferatio
748 2534 853 2606 captae
877 2533 1008 2591 civitatis
1033 2533 1108 2590 exci-

94 2622 182 2680 verit.
218 2640 267 2680 me
289 2638 360 2680 sanc
379 2620 526 2678 custodire
548 2637 678 2695 possum,
701 2620 752 2679 sed
774 2621 853 2678 unde
872 2623 942 2694 scio,
966 2621 1038 2693 quid
1057 2619 1108 2679 ad-

94 2710 175 2769 ferat
196 2729 267 2784 nox,
291 2727 390 2783 casus,
416 2706 517 2767 error?
562 2709 789 2768 mathematicus
812 2710 869 2768 boc
891 2728 950 2767 non
974 2710 1109 2767 futurum

94 2800 182 2873 dixit,
204 2801 239 2857 ut
260 2798 377 2872 vellem,
402 2798 452 2856 sed
474 2799 511 2856 ut
533 2797 704 2856 occiderem.

161 2887 208 2946 Tu
236 2905 368 2962 quoque,
394 2889 489 2962 pater,
517 2889 629 2961 quanto
660 2888 810 2964 graviores
840 2905 981 2962 passurus
1011 2905 1042 2946 es
1074 2901 1160 2957 0120

164 3151 182 3198 4
205 3143 449 3199 mathematicum:
478 3140 563 3197 math'
589 3154 617 3198 P
705 3149 720 3197 ὅ
747 3145 908 3198 mentitum:
939 3145 1048 3199 montib
1072 3154 1108 3211 1²3

92 3214 285 3271 mentieums
339 3215 407 3269 ista:
427 3215 498 3268 istae
517 3215 537 3284 (i
556 3216 588 3268 ia
605 3215 671 3284 ros.)
689 3224 718 3267 B
775 3217 890 3284 spater
908 3233 964 3269 non
982 3218 1109 3286 potesta

94 3291 111 3341 7
129 3285 240 3351 salvos
330 3285 452 3340 excedit:
477 3286 593 3355 expedit
609 3295 662 3338 BV
749 3291 782 3340 10
801 3286 1011 3356 parricidalem:
1032 3286 1060 3339 al
1078 3289 1109 3340 ia

92 3374 147 3413 rae,
162 3367 190 3410 Β
242 3356 413 3428 cogitionem
430 3367 453 3410 v
504 3362 536 3410 15
558 3358 705 3428 expegtere
720 3360 745 3428 (c
759 3360 806 3428 er.)
821 3367 853 3410 Μ
904 3358 1075 3428 prorexerim
1092 3367 1114 3409 ν

14 3498 17 3505 ·
94 3469 128 3519 18
146 3443 237 3533 quob}
254 3473 284 3518 B
346 3469 379 3518 22
399 3463 544 3533 expulsam
561 3474 589 3518 Ρ
649 3463 866 3517 coexcitaverit
888 3473 938 3517 VM
998 3470 1031 3518 27
1050 3462 1108 3517 fac-

91 3536 188 3589 turum
204 3543 258 3589 37
334 3540 367 3589 28
386 3536 419 3588 ut
437 3548 519 3599 oras
594 3534 697 3588 vallem
716 3544 752 3600 M,
772 3552 840 3589 corr.
854 3556 886 3588 m
967 3540 1001 3589 29
1020 3551 1108 3604 quan-

91 3607 137 3661 tos
154 3614 217 3660 avr
270 3605 626 3676 poetesodd.1’palam
648 3605 926 3675 dissimulationem,
946 3604 1126 3661 debuerat

1072 3702 1174 3723 mlh-'fidn-
