2430 3952
341 204 575 259 DECLAMATIO
593 205 658 260 XIV
676 212 771 261 8-10.
1004 206 1070 271 273

56 375 246 452 profuerunt3
283 377 316 432 tu
348 375 423 432 mihi
459 374 568 433 dedisti
610 375 689 450 quod
725 394 841 451 semper
871 378 1069 452 exasperaret.

55 467 201 541 peipetua
222 482 269 523 res
296 465 342 522 est
364 463 460 523 odisse
483 465 546 522 sine
573 483 670 524 causa.
717 465 824 523 ducam
846 465 918 523 licet
939 484 1070 539 uxorein,

55 556 87 612 te
104 555 205 612 tamen
224 551 322 627 odere,
344 553 377 610 iu
399 554 570 630 peregrinas
589 552 789 629 expeditiones
808 555 908 629 patria
926 553 1070 629 dimittat,

55 645 210 719 tatamen
233 642 429 719 cogitationes
452 660 658 716 sermonesque
679 643 845 718 respicient.
884 643 957 717 quid
978 643 1069 702 inter-

29 734 102 791 sest
124 730 372 807 quemadmodum
394 731 559 806 possederis
582 731 714 790 animum
740 751 852 806 meum,
881 732 1070 806 quemadmo-

56 821 128 879 dum
150 820 225 877 mihi
248 838 266 878 a
288 823 318 878 te
340 838 401 878 non
423 820 513 879 liceat
536 820 626 893 abire,
649 817 817 879 discedere?
854 820 959 894 fecisti,
982 824 1017 879 ut
1038 823 1073 879 te

56 909 166 984 ubique
188 928 358 984 persequar,
380 911 416 966 ut
437 910 511 967 meis
534 909 669 970 fortassis
688 910 824 968 manibus
847 909 997 985 invadam,
1021 928 1070 968 ve-

55 999 110 1057 lim
138 998 208 1056 dare
235 1017 389 1056 venenum.
436 998 489 1072 qui
519 999 704 1058 meretricem
735 999 831 1058 odisse
862 1016 922 1058 non
952 998 1070 1074 desiuit,

57 1090 174 1148 amator
197 1089 248 1146 est.
805 1099 807 1102 ⁴

14 1195 43 1236 io
117 1170 207 1250 '‘Sed,
229 1175 346 1250 infelix,
369 1175 517 1235 misereris
539 1170 619 1235 mei'
666 1176 738 1251 quid
761 1195 831 1255 ergo
854 1179 983 1236 sanitate
1006 1179 1070 1235 tam

55 1262 177 1342 rigida?
213 1265 360 1340 paulatim
377 1266 478 1339 potius
496 1266 613 1324 ¹ratione
631 1284 780 1341 conpesce,
803 1266 984 1325 misceantur
1002 1285 1069 1325 cou-

57 1355 134 1428 silia,
156 1353 311 1412 blanditiis
334 1353 445 1412 veritas
467 1355 656 1430 temperetur.
694 1355 828 1429 alioquin
846 1373 907 1414 non
927 1355 1070 1430 estquod

57 1443 169 1521 abigas,
188 1443 268 1517 quod
285 1442 423 1518 expellas.
461 1445 637 1519 exasperant
653 1442 852 1520 necessitates,
871 1446 901 1502 et
919 1445 951 1502 in
969 1463 1070 1503 amore

56 1533 207 1592 contentio
235 1550 351 1607 semper
378 1532 520 1591 accendit.
567 1531 722 1591 adiuvabit
747 1535 779 1591 te
800 1533 922 1592 interim
946 1533 1073 1593 libertas

14 1639 42 1680 15
56 1624 123 1697 ipsa
146 1640 205 1696 qua
227 1621 320 1695 fruar,
347 1623 477 1697 tempus,
506 1622 628 1680 satietas
652 1624 682 1679 et
704 1622 830 1681 fortasse
854 1625 971 1681 amator
993 1622 1069 1680 alius

57 1711 218 1770 admoneus
246 1709 434 1769 condicionis.
481 1709 532 1769 sed
558 1711 638 1768 iuter
664 1711 778 1785 oscula,
810 1712 889 1769 inter
916 1711 1070 1787 amplexus

55 1801 276 1876 paupertatem,
300 1818 360 1857 non
381 1800 537 1874 tamquam
560 1799 735 1875 explorans,
763 1799 816 1858 sed
837 1802 992 1875 tamquam
1014 1802 1069 1858 mi-

56 1891 194 1963 serearis,
218 1889 332 1966 adlega.
379 1907 561 1962 quamquam
584 1887 657 1963 quid
684 1907 758 1964 opus
780 1886 858 1947 fide?
886 1890 949 1948 sine
977 1908 1070 1964 curer,

56 1981 91 2036 ut
114 1978 260 2051 desinam,
288 1979 314 2036 si
336 1978 483 2053 quantum
510 1976 662 2052 adfirmas,
688 1979 819 2036 invitum
845 1978 1012 2038 miserearis
1035 1997 1070 2038 ac

15 2085 43 2124 ao
57 2067 165 2144 diligis
212 2067 354 2126 amatoris
381 2086 474 2124 uuum
500 2065 663 2125 remedium
686 2068 743 2141 est,
771 2066 874 2125 amari.
920 2070 947 2126 si
968 2070 1069 2126 tamen

56 2157 252 2216 necessariam
270 2157 358 2230 putes
382 2155 626 2230 emendationem,
649 2175 740 2232 quam
761 2156 858 2214 multa
880 2159 950 2216 suut
968 2176 1069 2216 aman-

56 2247 134 2303 tium
155 2244 286 2304 remedia
309 2246 385 2303 citra
407 2242 574 2303 venenum?
598 2245 726 2318 exclude,
750 2245 875 2304 dimitte.
914 2246 1070 2304 fastidium

56 2335 165 2410 posset,
188 2336 334 2409 quantum
356 2351 416 2392 non
438 2337 539 2409 posset
560 2337 712 2409 praestare
735 2336 905 2410 paupertas.
951 2335 1012 2408 fac,
1035 2337 1070 2393 ut

56 2442 105 2482 me
127 2422 226 2498 potius
248 2424 313 2497 ipse
336 2423 492 2500 castigem,
514 2424 550 2481 ut
572 2423 754 2496 erubescam,
777 2426 812 2481 ut
835 2422 996 2498 aliquando
1019 2422 1068 2482 de-

15 2529 43 2570 as
57 2530 180 2588 sperem.
224 2512 251 2571 is
277 2513 397 2570 tantum
422 2513 456 2570 in
483 2530 583 2570 amore
614 2514 738 2570 sanatur
764 2513 816 2588 qui
843 2512 922 2586 quod
951 2511 1069 2587 desinit,

57 2601 116 2661 sibi
138 2599 231 2659 debet.

122 2689 221 2748 Homo
247 2689 354 2767 igitur,
382 2691 435 2766 qui
460 2691 567 2748 meiito
594 2688 778 2766 indignarer,
810 2690 836 2748 si
862 2689 919 2747 hoc
949 2690 1069 2748 tantum
1084 2689 1124 2744 lo

56 2780 175 2839 fecisset
192 2777 312 2853 aliquis,
334 2781 369 2836 ut
391 2778 478 2856 diligi
495 2779 667 2851 desinerem,
691 2780 804 2853 quanto
826 2779 934 2838 iustius
953 2797 1069 2854 queror,

130 2972 144 3020 1
164 2967 355 3035 exasperaret:
374 2983 389 3018 r
406 2966 522 3020 alteram
536 2982 569 3020 ex
581 2971 735 3020 correctura
753 2973 791 3032 133
811 2967 958 3034 exasperet
971 2975 1016 3030 Mc

58 3043 74 3090 3
93 3039 179 3092 odoro
202 3047 231 3104 V,
253 3036 317 3091 odio
337 3050 352 3101 a
449 3035 638 3105 trespieiant
655 3045 707 3089 Βν
801 3041 816 3089 5
836 3036 988 3105 possideris
1006 3046 1070 3102 Βνρ

59 3093 188 3181 ivellim
205 3119 233 3161 Β
317 3107 481 3162 8meminit
499 3117 536 3175 Μ,
559 3107 663 3160 desinit
679 3124 753 3176 capr.
769 3128 800 3159 m
887 3113 919 3160 11
939 3109 1068 3177 conpesci

58 3188 110 3232 Βν
178 3184 212 3232 14
230 3178 366 3233 accendid
385 3188 413 3232 Β
472 3178 616 3233 adiuvavit
634 3201 665 3246 ας
684 3178 871 3242 adiuvabotc
943 3183 976 3232 15
995 3195 1069 3249 quae

57 3260 86 3303 Β
162 3249 341 3305 fortassean
425 3256 458 3304 16
478 3251 661 3314 admoveusc
746 3255 779 3304 18
798 3266 855 3318 qua
873 3260 1002 3319 quamv

59 3326 93 3375 19
107 3321 263 3388 miserearis
273 3330 311 3389 Β;
325 3321 466 3376 miseraris
479 3331 539 3389 νΜς
553 3321 692 3376 misereris
707 3335 722 3386 c
767 3327 802 3375 20
816 3320 919 3391 diligas
933 3331 954 3374 V
992 3337 1068 3375 amo-

57 3393 97 3446 ris
111 3403 145 3460 1²,
163 3391 212 3446 del.
228 3399 254 3447 et
265 3409 333 3448 corr.
347 3415 380 3460 μς
395 3399 460 3463 post
473 3393 606 3447 amatoris
620 3410 674 3447 ras.
689 3397 760 3446 3-4
776 3393 828 3447 litt.
839 3402 872 3446 Μ
923 3399 956 3447 21
976 3409 1067 3446 emen-

58 3480 155 3572 datione
174 3526 202 3570 Β
280 3523 313 3572 22
332 3517 447 3572 fastidio
466 3526 547 3570 Bm
624 3522 657 3570 23
675 3533 771 3586 posses
788 3526 820 3570 Β
888 3519 1067 3586 quantum—

57 3590 154 3659 posset
171 3598 258 3644 οων
324 3605 381 3642 non
399 3606 448 3644 om.
464 3598 502 3656 M,
520 3605 641 3656 capnm
713 3593 746 3642 27
766 3605 800 3643 oo
820 3598 845 3641 Β

112 3689 270 3738 erxnmmri
281 3698 485 3731 nxonnnxxoxns
500 3690 537 3732 ed.
550 3690 691 3733 Iielineit.
893 3681 934 3727 Ἦ
