2430 3952
426 195 661 251 DECLAMATIO
680 195 744 249 XIX
760 200 836 251 1-2.
1075 197 1139 262 337

128 369 313 429 necessitatis
341 366 474 426 ordinem
501 367 546 425 fas
574 368 651 426 esset
678 365 790 425 intrare
818 367 847 424 et
875 368 935 426 oris
962 366 1050 426 huius
1074 386 1140 442 pre·

128 476 208 517 mere
236 458 387 517 secretum.
433 457 561 514 miratur
587 455 664 515 hanc
687 455 797 529 aliquis
821 455 1000 530 patientiam
1022 454 1140 515 meam?

129 547 218 607 ardor
243 546 295 606 ille
323 547 375 622 qui
400 565 447 604 me
475 545 563 604 modo
589 544 705 621 inpegit
731 545 762 602 in
791 543 899 618 filium,
926 545 993 620 ipsa
1016 547 1063 604 sui
1085 548 1140 604 im·

128 634 275 694 manitate
306 636 498 710 consumptus
532 636 585 693 est.
630 633 772 709 quicquid
797 652 950 710 erumpere
982 638 1082 710 posset
1108 638 1141 694 in

101 724 401 801 eproclamationem,
424 723 585 799 parricidio
607 725 760 798 peractum
786 725 840 797 est,
862 723 895 780 in
920 723 1049 783 orbitate
1072 743 1139 784 con-

129 815 225 873 ticuit.
271 832 331 872 non
352 812 447 871 habeo
470 812 630 886 adfectum,
654 811 714 870 nisi
737 831 795 887 quo
819 815 925 871 cuncta
948 814 1067 871 tantum
1088 833 1140 889 pa-

129 905 197 977 tiar,
225 902 356 977 audiam,
385 903 488 960 feram.
533 905 693 976 utromque
716 900 752 960 de
774 900 837 960 filio
864 900 929 960 fieri
951 920 1011 960 non
1033 904 1141 976 potest,

129 995 164 1051 ut
187 994 216 1051 et
234 990 390 1050 occiderim
409 993 440 1050 et
457 992 554 1049 fatear
576 1009 629 1050 cur
649 991 791 1048 meruerit
812 989 915 1050 occidi.
952 994 1142 1067 quapropter,

129 1081 255 1156 iudices,
287 1083 360 1140 satis
393 1080 547 1155 admirari,
580 1081 653 1138 satis
680 1081 799 1156 stupere
827 1098 887 1139 non
914 1097 1034 1155 possum
1062 1081 1143 1155 quod

87 1190 114 1231 ιο
128 1171 234 1228 mulier
266 1171 349 1229 cuius
381 1172 499 1245 praeter
531 1170 675 1244 optimam
707 1187 778 1228 sane
813 1169 1024 1228 conscientiam
1056 1188 1141 1228 sexus

128 1279 244 1335 quoque
267 1261 411 1317 maiorem
432 1258 520 1316 malis
538 1259 648 1317 nostris
669 1257 814 1333 pudorem
835 1261 988 1333 praestare
1007 1257 1141 1333 debebat,

128 1351 226 1407 tacere
248 1367 308 1407 non
330 1350 430 1423 potest
452 1345 604 1407 silentium
626 1366 733 1406 meum.
779 1365 857 1405 novo
881 1348 954 1421 quin
976 1349 1067 1406 immo
1094 1348 1176 1406 fai

127 1436 291 1512 bulosoque
318 1455 417 1495 secum
448 1435 645 1512 inpatientiae
677 1454 783 1512 genere
815 1434 960 1494 dissentit.
1007 1437 1142 1512 queritur

128 1526 164 1585 de
187 1526 298 1602 populo
322 1525 402 1601 quod
423 1525 572 1600 loquatur,
596 1525 632 1582 de
654 1527 740 1600 patre
759 1523 839 1599 quod
856 1526 963 1584 taceat.
1000 1544 1054 1584 neo
1072 1545 1140 1586 con-

86 1617 212 1676 retenta
239 1613 421 1674 confessione
449 1614 552 1673 mariti
578 1612 655 1672 nihil
681 1632 712 1672 se
740 1613 940 1688 dissimulare,
967 1615 1044 1672 nihil
1066 1615 1141 1674 scire

126 1707 227 1762 reatus
251 1704 430 1762 auctoritate
453 1703 592 1762 testantis
614 1703 732 1761 mavult
754 1702 790 1761 de
813 1703 931 1762 silentio
954 1722 1020 1762 meo
1043 1703 1141 1763 facere

127 1797 279 1852 secretum.
317 1791 454 1851 orbitatis
481 1792 564 1851 istud
587 1792 718 1850 amentia
740 1792 782 1851 sit
804 1809 843 1849 an
865 1793 1049 1868 innocentia,
1074 1813 1140 1868 per-

127 1882 207 1941 ditus
230 1881 314 1941 dolor
336 1880 454 1940 viderit.
490 1882 583 1956 ipsius
607 1883 723 1939 animus
746 1883 846 1956 potest
868 1882 942 1941 scire
967 1882 1039 1956 quid
1061 1882 1140 1942 filius

126 1991 208 2031 meus
231 1971 352 2045 dixerit,
376 1989 453 2046 quae
479 1989 527 2029 me
554 1972 643 2046 putat
665 1969 774 2028 habere
798 1971 876 2044 quod
901 1969 1006 2030 dicam.
1052 1971 1140 2030 fidem

83 2060 221 2137 adigitur
243 2063 386 2134 vestram,
410 2059 534 2134 iudices,
562 2078 599 2118 ne
621 2077 674 2119 vos
698 2058 835 2119 orbitatis
858 2059 1048 2119 miseratione
1071 2079 1139 2119 con-

125 2150 233 2209 fundat
255 2150 320 2209 sola
342 2152 453 2224 mater,
480 2167 554 2208 neve
577 2150 724 2208 maximae
748 2147 930 2208 calamitatis
954 2148 998 2207 ibi
1020 2151 1140 2210 tantum

125 2241 237 2314 putetis
268 2238 411 2298 resedisse
442 2248 562 2297 sensum
592 2237 671 2296 unde
698 2256 751 2298 vos
782 2238 924 2297 lacrimae
951 2241 1140 2315 gemitusque

126 2329 312 2387 conveniunt.
349 2329 409 2386 mei
431 2327 526 2405 magis
545 2326 658 2386 debetis
681 2327 713 2385 in
731 2329 831 2386 uxoris
850 2329 1061 2403 conparatione
1083 2331 1139 2387 mi-

126 2418 216 2476 sereri
239 2416 291 2491 qui
313 2415 409 2474 filium
431 2420 462 2476 et
483 2415 601 2492 perdidi
627 2417 659 2475 et
686 2415 787 2476 occidi.
825 2435 879 2494 ego
903 2434 969 2476 sum
991 2418 1140 2476 infelicior

82 2526 111 2568 as
126 2525 160 2565 ex
179 2505 351 2580 parentibus
370 2504 485 2565 duobus
504 2506 555 2580 qui
574 2505 724 2581 quicquid,
747 2504 868 2579 iudices,
890 2506 951 2564 ista
974 2506 1139 2581 conploret,

126 2597 156 2654 et
178 2595 278 2669 patior
301 2596 331 2652 et
348 2594 414 2653 feci.
451 2594 569 2653 felicem
589 2595 777 2672 ignorantiae
798 2595 1011 2654 conscientiam
1033 2596 1139 2654 matris

124 2702 202 2761 quae
221 2681 332 2742 sufficit
349 2684 541 2760 interrogare.
579 2684 675 2742 maior
692 2702 739 2741 me
757 2683 945 2757 inpatientia,
964 2685 1060 2742 maior
1078 2685 1139 2742 urit

125 2804 339 2814 ..-.—--——

198 2871 275 2927 lfas
294 2889 327 2926 cx
344 2870 393 2923 fax
407 2879 439 2924 M
490 2873 578 2924 sesset
596 2879 618 2922 V
666 2870 742 2924 horis
760 2879 782 2922 V
831 2870 906 2924 intra
918 2871 1041 2940 pectoris
1055 2871 1138 2924 huius

124 2961 250 3014 premere
269 2944 407 2998 secretum
424 2942 480 2996 Bc.
536 2941 696 3010 2abquam
715 2950 752 3007 M,
771 2957 839 2996 corr.
854 2963 885 2994 m
944 2942 1009 2995 sin
1027 2959 1102 3011 supr.
1122 2951 1144 2994 v

125 3015 285 3070 boonticui
305 3014 353 3069 Gr.
440 3013 551 3080 equod
569 3022 603 3067 M
684 3014 748 3066 eet
766 3019 830 3067 cote
853 3013 1003 3067 occiderim
1023 3031 1098 3082 supr.
1114 3024 1141 3067 Ρ

126 3086 305 3140 tammirari
322 3095 386 3150 Bvs
441 3088 474 3137 10
494 3084 630 3138 obtimam
646 3093 697 3138 VM
757 3089 788 3136 11
809 3084 912 3138 debeat
929 3093 957 3137 Β
1017 3091 1051 3138 14
1070 3085 1139 3154 quid

125 3156 258 3225 loquatur
274 3167 296 3209 V
348 3157 509 3279 contemplpa
523 3164 575 3209 MV
632 3161 665 3209 1⁷
685 3171 722 3209 an
735 3154 909 3211 innocentia:
925 3157 1095 3210 innocentia
1109 3165 1142 3209 M

127 3268 160 3318 18
180 3262 273 3317 dolere
292 3272 324 3317 M
395 3244 504 3329 anim¹ds
523 3271 551 3315 Β
622 3268 655 3317 19
674 3278 719 3316 me
737 3264 988 3319 incorrectores!
1055 3266 1138 3333 puta-

125 3335 176 3389 bat
194 3343 222 3387 Β
309 3339 343 3388 20
361 3337 484 3390 restrum
502 3344 523 3386 V
609 3340 642 3388 22
662 3350 722 3388 vos:
742 3333 786 3388 vel
804 3351 855 3388 nos
873 3356 904 3387 m
922 3337 955 3389 in
971 3353 1068 3406 more„
1085 3351 1139 3388 vox

126 3442 266 3496 Fbaocics
334 3446 368 3495 24
387 3458 448 3495 sum
462 3458 513 3497 om
527 3450 548 3493 V
619 3446 655 3494 25
672 3423 787 3509 quicqm
779 3405 852 3494 ἀΒ
922 3442 1028 3496 iudices
1047 3458 1097 3497 om.
1112 3451 1140 3495 Β

126 3518 159 3567 26
179 3515 208 3567 et
226 3511 363 3567 calefeci
381 3529 431 3568 orn.
455 3522 476 3565 ν
561 3512 723 3596 ignoralitia
740 3528 776 3566 ne
794 3521 832 3580 Β;
856 3513 1015 3584 ignorantie
1033 3522 1087 3567 MJ

124 3584 223 3639 matris
242 3583 443 3638 conscientiam
462 3597 477 3649 β
549 3589 582 3637 27
600 3584 736 3638 maiorem
751 3584 807 3638 et
799 3602 856 3654 mp
871 3594 923 3639 MV

178 3684 340 3734 Qrmrmm
351 3691 556 3725 nummatam
569 3685 605 3725 ed.
616 3683 712 3724 aenne
718 3687 753 3726 ra
947 3679 992 3724 Ὦ.
1124 3690 1163 3721 -α
