2430 3952
145 220 211 284 416
456 216 648 272 arconem
666 219 846 272 Prummu.

396 506 397 512 ,
460 451 613 534 XIVJXV.
642 455 714 516 0011
736 477 837 517 pomo,

146 584 286 642 Meretrix
304 584 433 641 amatori
450 581 533 640 dedit
551 581 613 642 odii
625 584 785 656 potionem.
823 587 943 643 accusat
962 602 1031 642 eam
1049 604 1173 661 pauper

190 672 331 731 veneficii.
1163 693 1166 698 ·

212 834 338 904 Pauper.
380 831 412 888 id
439 831 583 905 primum,
610 830 642 888 P.
668 829 708 904 0.
736 831 926 890 considerate.
975 835 1172 894 meretricem

147 940 260 981 accuso.
302 920 419 980 sceleris
437 919 525 978 fidem
543 937 687 994 personae
706 920 835 978 conditio
853 921 966 996 implet.
1009 923 1171 983 Meretrix.
1197 941 1208 981 s

146 1010 190 1069 rei
216 1010 295 1068 male
318 1009 439 1068 confidit
462 1009 515 1084 qui
538 1027 573 1066 ex
600 1008 744 1067 vocabulo
769 1009 914 1067 invidiam
938 1011 1068 1084 quaerit
1120 1012 1172 1072 sed

147 1099 219 1175 quid
242 1117 342 1177 agam,
372 1095 505 1157 iudices?
532 1099 557 1157 si
579 1116 688 1157 nomen
709 1098 840 1156 moribus
864 1097 1034 1173 absolvero,
1063 1102 1171 1176 timeo,

146 1208 183 1247 ne
202 1206 304 1246 amare
320 1206 420 1246 rursus
438 1206 553 1262 pauper
569 1187 703 1260 incipiat.
740 1206 801 1260 vos,
820 1205 872 1246 vos
891 1189 1070 1264 perpendite
1092 1209 1172 1265 quae

147 1278 182 1336 de
212 1295 259 1335 me
289 1279 438 1349 matrona,
470 1277 535 1350 quis
565 1278 652 1351 poter
681 1278 858 1350 conquestus
889 1279 936 1335 sit.
973 1277 1006 1334 P.
1030 1279 1171 1353 primum

147 1385 247 1425 amare
266 1367 373 1440 coepit,
391 1367 423 1423 in
442 1384 573 1423 amorem
587 1365 691 1442 coegit.
733 1366 778 1423 Μ.
796 1384 856 1423 non
875 1368 982 1440 amavi,
1002 1367 1056 1426 sod
1077 1386 1171 1443 passe
1182 1386 1204 1426 ιο

147 1474 220 1514 sum.
261 1474 322 1513 non
340 1456 432 1532 coegi,
455 1454 506 1512 sed
523 1454 663 1513 incidisti.
699 1454 819 1512 Reum
839 1457 1003 1514 meretricis
1023 1457 1067 1515 sit
1087 1458 1171 1532 quod

148 1547 280 1617 amatur,
304 1545 388 1602 cuius
412 1561 473 1602 esse
496 1544 610 1618 putetis
637 1542 715 1616 quod
738 1561 853 1618 pauper
876 1542 995 1602 amavi?
1037 1545 1088 1602 M.
1110 1566 1170 1622 qua

147 1651 199 1709 spe
225 1631 367 1692 tandem?
411 1651 486 1707 quae
513 1631 624 1706 praeda
652 1631 687 1689 de
715 1630 867 1707 paupere?
906 1633 939 1690 P.
959 1633 1069 1692 deinde
1101 1635 1170 1694 odio

147 1722 259 1781 habuit.
300 1722 346 1780 M.
366 1721 445 1795 quod
474 1720 575 1779 odium
604 1722 767 1780 meretricis
796 1723 828 1779 in
857 1721 1042 1780 amatorem?
1076 1743 1170 1799 quam

146 1813 306 1886 impatiens
334 1813 391 1883 est,
418 1810 451 1867 P.
471 1808 512 1884 (1.,
539 1813 698 1884 utrumque
725 1812 857 1883 accusat,
888 1813 918 1869 et
945 1812 1026 1885 quod
1053 1815 1170 1873 amarit
1183 1829 1204 1870 ιε

148 1904 178 1959 et
197 1899 275 1975 quod
294 1899 421 1958 desierit.
463 1899 496 1956 P.
517 1896 586 1957 Odii
603 1899 756 1974 potionem
774 1899 863 1957 dedit.
904 1900 949 1956 M.
969 1919 1024 1975 pro
1043 1903 1078 1960 te
1099 1906 1170 1976 stet,

147 1992 182 2047 ut
205 2007 305 2047 amere
328 1988 455 2047 desieris.
497 1989 529 2045 P.
549 1990 653 2046 contra
675 2007 722 2045 me
746 1990 821 2061 stat,
846 1990 881 2046 ut
902 1989 1015 2048 invitus
1039 1990 1168 2050 oderim.

147 2079 192 2136 M.
212 2080 284 2134 tunc
317 2079 382 2134 tota
412 2078 534 2134 civitate
564 2079 726 2135 meretricis
761 2095 826 2135 eras
861 2075 979 2136 amicus.
1030 2079 1066 2136 P.
1096 2081 1170 2155 quid

148 2162 292 2223 interest?
333 2183 410 2222 nunc
432 2167 498 2223 tota
517 2165 638 2223 civitate
657 2166 819 2225 meretricis
843 2185 908 2225 sum
930 2168 1082 2226 inimicus.
1122 2170 1169 2227 M.

149 2254 222 2312 bene
250 2253 451 2328 merui'quod
476 2271 494 2310 a
516 2255 636 2312 miseria
665 2255 820 2329 explicitus
851 2274 889 2314 es.
931 2255 964 2313 P.
983 2274 1044 2314 non
1075 2258 1170 2317 habet
1183 2275 1206 2313 re

149 2344 278 2422 gratiam
301 2343 379 2418 quod
401 2344 655 2416 praevaricatione
685 2346 785 2402 actum
809 2347 860 2402 est.
902 2344 946 2400 M.
965 2347 1012 2402 tui
1036 2349 1170 2406 caritate

149 2433 286 2492 effectum
309 2433 361 2489 est.
402 2450 462 2488 non
489 2433 588 2506 potest
615 2435 754 2490 meretrix
782 2434 877 2510 magis
908 2452 1007 2491 amare
1031 2435 1171 2511 aliquem

149 2539 344 2597 quamquem
369 2539 467 2579 amare
486 2540 545 2578 non
568 2521 640 2578 vult.
682 2523 714 2579 P.
734 2540 819 2579 nemo
844 2522 944 2579 odium
963 2522 1017 2580 dat
1039 2526 1105 2583 nisi
1124 2527 1172 2584 illi

149 2631 235 2685 quem
266 2609 369 2668 oderit.
409 2610 454 2666 M.
479 2610 580 2667 odium
609 2611 751 2668 nominat.
798 2613 883 2685 atqui
916 2614 999 2669 amat
1028 2615 1171 2687 profecto

149 2702 201 2775 qui
219 2701 353 2774 queritur
372 2699 451 2773 quod
468 2718 528 2756 non
547 2702 669 2758 ametur.
706 2701 738 2757 P.
760 2719 820 2757 non
839 2719 945 2774 queror
964 2701 1045 2774 quod
1065 2721 1171 2762 amare
1184 2719 1205 2759 re

149 2789 235 2862 desii,
259 2788 310 2847 sed
336 2787 475 2846 illicitum
498 2788 593 2849 hausi.
634 2789 678 2845 M.
699 2790 783 2864 atqui
810 2808 870 2847 non
897 2791 962 2847 erat
985 2789 1048 2847 odii
1074 2795 1171 2867 potio,

150 2878 200 2936 sed
218 2878 316 2936 insani
336 2879 443 2936 amoris
462 2877 631 2935 remedium.
660 2896 720 2935 non
738 2878 843 2937 habuit
857 2878 935 2953 quod
953 2879 1098 2952 perderet
1113 2884 1172 2940 nisi

149 2969 286 3024 mentem.
328 2965 360 3022 P.
380 2965 536 3024 immodice
558 2965 697 3024 dicuntur
722 2968 786 3025 sola
804 2985 880 3040 quae
901 2986 961 3025 non
986 2966 1093 3028 licent.
1139 2976 1172 3030 ut

149 3057 180 3113 in
213 3056 342 3113 furorem
377 3073 459 3112 amor
494 3054 693 3129 convalescat,
724 3054 899 3114 difficultate
929 3055 971 3114 fit.
1022 3059 1070 3125 M.
1093 3079 1171 3136 quae

151 3143 310 3202 difficultas
332 3141 449 3201 maior?
490 3139 608 3201 turbam
635 3143 763 3216 divitum
791 3147 955 3220 exspectas3
982 3136 1038 3204 nec
1063 3147 1203 3226 depre-ee

224 3389 237 3436 1
258 3383 316 3436 oda
334 3383 415 3437 Potio
435 3345 484 3435 rdi
503 3384 548 3437 lex
566 3392 594 3436 P
682 3385 841 3437 evotibulo
864 3393 909 3436 m
1004 3392 1038 3439 12
1060 3394 1172 3445 amator

151 3455 198 3507 odi
219 3463 295 3507 RVB
355 3460 388 3507 18
408 3455 522 3508 civitate
540 3472 590 3508 om.
610 3463 655 3507 VB
715 3461 747 3508 22
768 3454 899 3508 affectum
922 3464 967 3507 VB
1027 3463 1063 3510 25
1081 3463 1172 3516 amari

152 3535 179 3577 P
248 3531 280 3578 27
308 3525 400 3578 insani
425 3526 539 3579 amoris:
568 3525 695 3580 insaniae
720 3535 796 3579 m
866 3532 900 3578 28
924 3526 1055 3596 liguntur
1082 3542 1139 3588 Ρη

152 3596 227 3650 solae
246 3619 281 3664 ω;
300 3598 405 3651 correxi
477 3601 510 3648 29
530 3597 561 3648 fit
579 3614 629 3650 om.
649 3606 678 3649 Ρ
