2430 3952
136 153 201 218 296
372 184 373 188 1
523 153 626 209 ΑΜΙΟΙ
644 152 764 209 VADES

50 372 56 383 .
135 323 213 383 illud
241 324 398 382 exclamet:
429 323 526 384 filium
552 340 652 382 meum
679 321 785 383 civitas
814 325 972 401 peregrina
998 323 1157 398 sollicitat,

137 415 171 472 ut
199 431 337 472 amoenos
364 413 463 472 neseio
491 413 575 471 cuius
602 429 732 471 recessus
760 412 840 471 orbis
871 415 969 488 petat,
1001 412 1158 474 debilitati

136 520 221 560 meae
248 501 399 561 subtrahit
424 501 569 560 humeros.
616 501 732 560 iuvenis
759 519 843 560 meus
867 501 1028 560 abducitur
1053 521 1156 562 amore

136 591 300 653 meretricis
324 593 354 649 et
377 590 414 649 ab
442 590 548 650 officiis
576 590 707 649 civitatis
731 590 813 650 vitiis
841 589 1027 650 abstrahitur
1054 591 1156 652 oeulo-

137 700 212 738 rum
259 679 403 740 eiusmodi
426 681 540 756 gemitu
562 679 659 737 filium
680 697 798 738 necesse
821 682 867 738 est
889 681 1094 756 persequaris,
1123 684 1157 739 ut
1181 701 1191 740 s

138 768 218 845 quod
240 769 382 843 detineor,
405 769 501 827 obiter
524 772 553 828 et
575 786 671 844 poena
694 768 741 828 sit.
783 787 842 827 non
865 769 939 828 facit
960 769 1021 828 ista
1044 770 1096 828 lex
1119 770 1157 828 ad

137 859 246 918 liberos
269 858 321 933 qui
342 857 547 917 misericordia
567 857 746 917 detinentur.
783 860 817 915 ut
839 860 928 934 turpe
950 859 991 916 sit
1010 858 1095 932 quod
1111 878 1157 918 re·

138 947 219 1021 cedo,
241 949 274 1005 in
297 966 332 1006 eo
355 948 474 1006 tantum
497 950 554 1020 est,
578 946 617 1005 ad
639 964 728 1022 quem
750 949 892 1021 revertor,
916 949 954 1023 et,
980 949 1015 1004 111
1036 947 1157 1007 facinus

138 1038 178 1096 sit
207 1037 315 1095 relicta
345 1037 455 1110 mater,
490 1055 554 1095 non·
581 1036 697 1094 faciunt
728 1036 787 1095 nisi
818 1053 924 1095 causae
955 1035 1156 1112 relinquendi.

137 1127 226 1184 homo
250 1127 302 1200 qni
325 1125 363 1185 ad
386 1128 546 1200 tyrannum
568 1127 710 1198 revertor,
737 1124 764 1184 si
785 1125 865 1183 malo
890 1126 989 1183 animo
1016 1124 1157 1201 relinquo
1170 1145 1192 1186 ro

138 1216 279 1288 matrem,
306 1214 415 1291 dignus
438 1232 504 1272 sum
527 1216 581 1290 qui
608 1213 750 1273 detinear.
796 1232 855 1272 non
879 1215 924 1272 est
948 1213 1052 1288 itaque
1076 1215 1158 1290 qnod

139 1302 262 1364 subinde
285 1302 413 1362 nominis
436 1303 529 1361 vestri
550 1302 704 1377 beneficia,
727 1303 833 1376 mater,
856 1321 1001 1380 opponas,
1025 1321 1088 1361 non
1113 1306 1158 1363 est

140 1391 221 1468 qnod
243 1392 357 1451 vilitati
382 1394 453 1450 tuae
480 1390 545 1450 fieri
572 1395 672 1468 putes,
699 1393 725 1450 si
753 1391 899 1451 credimus
922 1410 984 1451 esse
1010 1392 1044 1449 in
1066 1392 1157 1452 rebus

139 1481 277 1541 humanis
301 1484 331 1541 et
353 1482 481 1540 alterum
505 1481 652 1552 affectum,
676 1479 809 1540 amicitia
831 1482 890 1555 est,
917 1481 1058 1556 siquam
1082 1481 1158 1540 mihi

138 1569 257 1630 videtur
279 1573 388 1630 natura
411 1571 606 1646 excogitasse,
629 1571 664 1627 ut
687 1571 765 1628 coire
787 1571 914 1629 invicem
938 1571 1034 1646 possit
1056 1572 1192 1631 totumrs

139 1661 293 1719 bominum
315 1678 420 1736 genus,
447 1677 524 1734 quae
546 1658 613 1717 ideo
637 1657 769 1717 nondum
793 1658 871 1718 circa
894 1677 924 1718 se
946 1661 1031 1717 tenet
1054 1677 1158 1719 omnes

140 1748 365 1823 admirationes,
393 1750 464 1823 quia
490 1750 556 1808 tota
583 1767 643 1807 non
671 1747 832 1824 contingit,
857 1766 934 1822 quae
960 1748 1063 1806 tamen
1092 1769 1159 1824 per-

140 1840 263 1897 venerat
285 1836 323 1895 ad
346 1837 565 1896 incredibilium
587 1837 684 1910 fidem,
706 1838 767 1894 nisi
787 1837 873 1895 illam
896 1854 948 1895 vos
970 1837 1159 1911 impediretis.

141 1927 283 2001 amicitia,
296 1926 460 2002 plurimum
479 1945 634 2002 corporum
653 1944 730 1984 unus
750 1927 875 1999 animus,
893 1926 1023 1985 vicariae
1042 1945 1160 2002 manus,

140 2016 247 2074 fortior
271 2033 361 2089 quam
383 2016 490 2074 matris
513 2015 645 2075 affectus.
1173 2035 1195 2075 ro

106 2103 121 2156 7
209 2103 307 2181 Rogo,
339 2104 413 2179 qnid
438 2104 543 2178 refert,
575 2103 648 2179 quid
675 2106 797 2163 vocetur
827 2104 879 2162 ille
905 2106 957 2178 qui
984 2105 1026 2162 sic
1055 2103 1161 2164 amat?

140 2193 216 2268 quid
237 2193 370 2267 interest,
394 2193 555 2268 exquibus
578 2211 687 2271 magna
706 2192 813 2251 merita
831 2190 1033 2252 descendant?
1064 2195 1161 2254 vultis

142 2282 216 2341 scire
236 2282 361 2357 quidde
379 2283 435 2340 hoo
455 2283 562 2342 affeetu
581 2283 691 2342 sentiat
707 2279 824 2340 mater?
861 2284 891 2340 11
909 2282 1040 2340 amioum
1058 2302 1162 2342 meum

141 2374 230 2448 putat
252 2371 355 2446 malle,
378 2392 414 2430 ne
438 2374 579 2430 revertar.
624 2371 703 2448 finge
724 2391 771 2429 me
794 2371 900 2446 positis
922 2371 1076 2448 paulisper
1100 2392 1162 2431 me·

141 2462 209 2520 ritis
243 2460 349 2536 quibus
382 2461 531 2539 obligatus
564 2481 642 2536 sum,
674 2460 729 2519 hoo
756 2462 875 2518 tantum
903 2459 1011 2518 dicere:
1045 2463 1197 2523 amiousrs

142 2551 283 2628 alligatus
312 2552 369 2624 est,
392 2553 435 2609 ire
458 2552 540 2624 volo,
567 2553 671 2624 mater,
698 2552 733 2609 ut
755 2549 870 2624 redeat,
898 2553 932 2607 ut
955 2549 1101 2624 consoler,
1129 2554 1164 2610 ut

142 2639 295 2699 dominum
312 2659 424 2716 rogem,
448 2643 489 2714 ut,
513 2642 539 2700 si
562 2642 706 2714 tyrannus
725 2640 865 2714 exegerit,
888 2638 1033 2696 vicarium
1052 2657 1163 2716 corpus

215 2827 389 2882 lcxclamat
407 2836 439 2880 M
509 2808 660 2881 iamssnos
678 2836 706 2879 Β
772 2825 849 2879 urbis
868 2835 889 2878 V
957 2824 1119 2880 debilitatis
1134 2837 1166 2881 Β

144 2939 159 2986 3
178 2914 289 2988 umbras
307 2943 336 2987 Β
416 2940 432 2986 4
451 2935 486 2987 ob
506 2948 521 2999 β
600 2938 615 2986 1
634 2933 733 3002 genitu
750 2942 778 2985 B
850 2938 864 2985 7
883 2932 974 3001 turpis
993 2933 1022 2985 11
1040 2941 1094 2985 BV

143 3007 268 3058 91111111
285 3015 306 3058 v
376 3011 407 3058 12
426 2997 588 3079 1111111111
605 3015 633 3058 Β
703 3006 828 3073 opponat
845 3013 867 3056 V
931 3008 963 3056 13
982 3003 1106 3058 utilitati
1120 3016 1163 3073 1113

141 3075 252 3130 vilitate
275 3077 317 3131 tui
344 3077 392 3132 Gr.
492 3077 586 3145 potest
608 3097 645 3142 e,
669 3092 736 3130 corr.
755 3075 803 3128 Gr.
905 3080 938 3127 14
962 3074 1108 3130 amicitiae
1128 3099 1164 3144 ως

142 3163 212 3202 corr.
227 3150 304 3203 Desa.
395 3164 451 3216 qua
473 3157 538 3200 VPc
626 3153 658 3200 16
679 3162 774 3200 omnes
792 3148 871 3199 tenet
889 3155 920 3199 Β
1008 3151 1041 3200 17
1061 3149 1164 3202 ammi·

142 3218 266 3274 rationes
285 3234 299 3283 s
370 3222 461 3273 totam
478 3227 548 3271 Bw
612 3220 671 3272 tam
688 3226 759 3271 Bw
829 3222 862 3270 18
880 3216 1059 3271 incredilium
1078 3228 1114 3272 Μ

142 3326 194 3381 illa
211 3336 281 3380 Bw
351 3331 382 3378 19
402 3309 517 3380 arrisitia
534 3336 562 3379 Β
627 3324 781 3395 plurimum
800 3342 834 3378 ex
851 3341 942 3378 -ornm
962 3332 1006 3391 Δις
1024 3323 1166 3393 plurimo—

142 3416 205 3452 rum
224 3411 245 3451 c
313 3397 446 3450 vicariae:
465 3397 496 3450 in
515 3397 633 3452 caritate
651 3406 692 3463 Μ;
712 3397 742 3450 in
764 3412 851 3451 earne
869 3407 896 3449 Ρ
975 3402 1007 3450 21
1026 3396 1118 3451 refert
1138 3413 1166 3455 c:

144 3469 236 3524 ferent
254 3491 289 3536 ω;
309 3469 407 3522 fierent
425 3475 458 3522 Ν
534 3471 645 3522 amatur
663 3477 695 3521 Β
776 3474 809 3521 23
829 3467 900 3522 scire
917 3485 967 3522 om.
984 3475 1021 3534 ll,
1038 3485 1120 3538 ratpr.
1135 3493 1167 3524 u·

144 3547 179 3596 26
199 3540 358 3596 consoletur
376 3540 520 3594 dominnm
539 3561 561 3592 ω
633 3545 667 3594 27
686 3556 781 3609 regem
800 3561 837 3606 ως
857 3552 957 3594 corus
