2430 3952
137 217 159 279 4
237 189 248 245 f
472 213 601 270 111111
619 213 813 269 Pmunrvs

137 384 263 461 putetis,
289 385 349 442 nisi
376 385 405 441 et
431 385 571 442 innocens
599 383 701 459 fuerit,
729 402 789 441 non
815 385 905 460 petit,
934 387 970 442 ut
996 385 1157 446 adflictum

138 473 281 547 allevetis,
300 473 358 531 nisi
376 474 406 530 et
423 472 621 549 probaveritis
640 490 702 531 sese
720 472 915 532 infeliciorem
934 473 1014 550 quod
1032 476 1157 550 patrem

138 563 246 637 amisit,
269 582 359 637 quam
377 561 455 637 quod
474 560 582 619 oculos.
624 563 779 619 aestimate
797 563 935 620 iuvenem
952 562 998 621 his
1016 565 1155 625 moribus

137 651 244 727 quibus
267 647 416 709 videntem
439 650 645 725 aestimaretis,
668 650 740 724 vita,
762 649 883 726 pudore,
905 651 1026 726 pietate.
1073 672 1155 729 quae

137 742 163 799 si
186 740 285 799 omnia
309 738 375 815 sibi,
398 741 433 797 ut
455 741 541 797 erant
561 740 715 814 promissa,
739 741 934 812 constiterint,
956 741 1039 799 nullo
1058 744 1154 801 terre·
1184 761 1196 802 1

136 829 219 887 bitur
241 829 370 888 crimine.
411 845 465 885 neo
487 827 566 903 quod
587 827 814 886 sceleratissima
831 829 1009 888 feminarum
1028 830 1154 889 calami-

136 919 230 976 tatem
248 919 381 975 nostram
400 918 554 975 cruentato
572 918 686 993 pariete
703 916 825 975 imitata
843 921 895 993 est,
920 921 1153 994 expavescimus.

137 1024 214 1082 quae
241 1006 397 1082 diligentia
429 1005 584 1064 sollicitior
615 1006 686 1080 fuit,
718 1025 755 1064 ne
784 1005 1064 1081 deprehenderetur:
1094 1009 1155 1068 hoc

136 1095 232 1171 magis
259 1094 404 1154 indicavit
427 1093 484 1152 sibi
507 1094 606 1152 oculos
629 1113 689 1153 non
711 1094 847 1154 defuisse.
893 1098 1007 1173 gratias
1032 1097 1154 1174 agimus

136 1182 217 1258 quod
240 1183 365 1240 nimium
388 1181 473 1240 avide
498 1184 672 1258 suspicionis
694 1184 726 1242 in
749 1186 881 1243 nostram
904 1186 1060 1245 transtulit
1081 1205 1154 1262 par·
1168 1208 1195 1249 ro

136 1275 207 1331 tem.
247 1290 306 1331 non
330 1288 391 1330 esse
414 1271 494 1331 caeci
517 1272 610 1330 scelus
634 1271 784 1332 difficilius
802 1273 987 1349 probaretur,
1009 1274 1069 1334 nisi
1087 1295 1154 1335 cm·

137 1362 189 1420 nia
212 1361 344 1419 siceota
367 1363 473 1434 essent,
496 1363 530 1418 ut
552 1360 655 1420 fecisse
679 1379 781 1421 caecus
804 1362 962 1422 videretur.

101 1449 120 1505 2
207 1448 303 1518 Quare
321 1450 423 1527 igitur,
444 1449 563 1525 iudices,
587 1469 647 1509 non
666 1450 790 1526 inprobe
808 1453 988 1526 speraverim
1005 1452 1153 1530 futurum,

137 1541 172 1598 ut
199 1541 337 1614 suspecta
364 1541 424 1598 sint
450 1538 533 1598 vobis
562 1557 637 1614 quae
661 1541 725 1597 tam
747 1540 963 1600 inconsiderate
986 1540 1056 1600 ficta
1079 1546 1154 1603 sunt

138 1630 241 1689 contra
268 1629 406 1686 miseram
433 1629 614 1686 caecitatem.
660 1629 790 1704 primum
817 1628 896 1704 quod
918 1631 1049 1706 spatium
1071 1631 1154 1691 illud
1167 1651 1194 1694 rs

137 1719 243 1795 ingens
265 1717 369 1776 domus
393 1716 472 1791 quod
494 1718 526 1774 in
548 1717 645 1776 medio
669 1718 739 1792 fuit,
769 1719 814 1775 ita
837 1718 952 1795 digesto
976 1738 1080 1778 cruore
1104 1738 1153 1780 sa·

137 1808 247 1866 tiatum
266 1808 310 1864 est
332 1823 425 1881 usque
448 1804 487 1864 ad
509 1805 677 1864 cubiculum
698 1807 830 1864 miserini
848 1809 972 1883 iuvenis,
994 1809 1154 1884 tamquam

138 1895 227 1973 plane
249 1895 383 1952 timuerit
405 1894 563 1970 parricida,
585 1913 622 1952 ne
644 1913 704 1953 non
727 1895 1001 1971 deprehenderetur.
1042 1896 1154 1959 deindo

139 1983 242 2042 sceleri
260 2002 318 2042 nox
335 1984 523 2058 potissimum
542 1983 635 2041 electa
654 2001 712 2058 quo
731 1985 863 2060 tempore
882 1986 1009 2045 inveniri
1022 1988 1153 2049 maritus

138 2071 201 2133 sine
228 2090 318 2130 uxore
345 2090 405 2131 non
430 2073 538 2148 posset.
583 2074 649 2130 tum
676 2071 776 2148 caede,
803 2076 835 2131 in
863 2094 922 2150 qua
944 2093 1030 2134 nemo
1054 2077 1154 2137 utitur
1168 2098 1195 2139 so

138 2180 191 2222 suo
214 2161 292 2220 ferro
316 2162 374 2220 nisi
393 2161 499 2237 alieno,
521 2159 637 2239 gladius
657 2160 863 2237 adulescentis,
885 2183 922 2222 11
940 2167 1154 2241 argumentum

139 2248 254 2310 de'esset
270 2267 421 2326 novercae,
442 2250 570 2310 relictus.
610 2251 759 2326 postremo
778 2255 931 2328 peractum
949 2252 1072 2313 vulnero
1088 2274 1153 2315 uno

138 2341 233 2401 scelus
256 2338 336 2415 quod
361 2339 525 2398 obiceretur
547 2338 683 2398 manibus
703 2342 837 2399 errantis.
878 2342 1027 2401 ettamen
1046 2346 1155 2404 contra

138 2432 201 2490 tam
228 2429 324 2487 multa
351 2427 537 2487 incredibilia
564 2430 660 2488 solum
688 2429 814 2489 advocat
839 2449 967 2490 noverea
988 2433 1154 2492 testamen·

138 2522 202 2578 tum
229 2518 353 2594 vultque
380 2517 456 2576 illud
483 2535 544 2577 esse
572 2519 700 2594 pretium
726 2518 892 2595 parricidii,
921 2522 956 2578 ut
983 2539 1082 2578 rerum
1104 2523 1153 2582 in·
1168 2543 1195 2585 ss

210 2672 321 2725 21011
334 2672 367 2724 ut
385 2679 417 2724 Μ
458 2668 643 2739 probaveritis
657 2678 717 2722 BV:
736 2669 898 2739 probaverit
910 2672 1011 2740 reliqui
1055 2677 1154 2729 3111-
1204 2702 1207 2733 ι

138 2741 216 2794 ribus
239 2743 290 2796 dcl.
308 2741 369 2796 Obr.
450 2742 628 2794 berantn:
653 2741 845 2810 eruntB(ec
868 2744 1073 2812 1111111111)
1096 2754 1155 2812 Vsu*

122 2817 155 2873 ‚t
174 2812 286 2867 imitata
304 2814 335 2866 ic
352 2828 407 2867 ros.
426 2820 459 2864 Β
528 2817 544 2864 8
564 2812 721 2866 sollicitior:
744 2811 881 2867 sollicitor
898 2823 925 2866 Β
996 2813 1154 2884 deprehen-

140 2884 263 2938 deretur:
286 2882 506 2953 prehenderetur
523 2892 564 2950 Β,
589 2882 624 2938 de
642 2899 716 2952 sccpr.
735 2905 767 2937 u:
839 2888 854 2935 9
873 2884 964 2954 magis
982 2885 1032 2940 del.
1051 2886 1115 2942 Obr.

141 2962 174 3008 10
198 2955 376 3023 suspicionis:
402 2955 437 3022 cf.
452 2955 529 3009 Dese.
545 2971 575 3023 p.
590 2959 645 3009 100
718 2961 750 3009 12
774 2957 839 3009 acta
862 2959 966 3012 essent:
990 2962 1154 3013 acraessent

139 3036 192 3079 BV
211 3027 291 3096 (falso
314 3044 347 3082 eo
364 3036 392 3079 Β
414 3028 577 3096 agraessent
599 3027 742 3081 adnotavit
759 3027 922 3097 Ecderleic)
1006 3033 1038 3082 13
1061 3029 1154 3099 igitur

140 3129 241 3180 111111
305 3121 338 3168 14
361 3114 508 3168 sint:l15
566 3120 598 3170 17
621 3113 747 3169 miserini
769 3117 875 3170 1111111·
880 3137 890 3183 ;
913 3119 946 3184 cf.
961 3117 1027 3183 Leo,
1046 3117 1154 3175 Archiv

140 3187 187 3240 lat.
202 3187 270 3240 Len.
285 3187 352 3240 XII
365 3189 472 3255 (1900),
487 3190 524 3240 96
542 3193 567 3241 et
584 3203 643 3257 cap.
659 3191 685 3251 5,
701 3204 729 3255 p.
742 3190 830 3253 7,13;
848 3187 944 3242 miseri
962 3204 1029 3243 corr.
1044 3205 1078 3243 cx
1096 3191 1153 3244 rni-

141 3257 223 3312 serim
248 3267 287 3324 Β;
313 3256 463 3311 miserrimi
488 3258 587 3326 reliqui
665 3263 698 3312 18
724 3256 827 3312 deinde
851 3275 885 3314 11
911 3259 1026 3313 deindes
1051 3269 1079 3312 Β

141 3333 174 3381 19
193 3329 317 3382 invenire
331 3337 367 3395 M,
387 3345 454 3384 corr.
469 3349 501 3381 m
555 3330 764 3383 2001111111
777 3340 802 3384 1
852 3330 949 3385 caede:
968 3330 998 3384 in
1012 3330 1099 3384 caede
1118 3345 1154 3387 :s

141 3423 173 3471 21
189 3417 244 3471 nisi
259 3417 363 3471 alieno:
378 3423 480 3471 rectene
494 3417 647 3472 traditum?
660 3418 727 3473 nisi:
746 3403 813 3473 iiex
826 3424 845 3471 1'1
860 3429 891 3472 M
931 3419 1115 3473 adoliscentis
1126 3431 1155 3475 Β

141 3494 175 3542 22
200 3489 314 3542 relictus
340 3504 457 3564 novercp
481 3489 527 3545 sed
549 3495 652 3559 trecop.
671 3500 693 3543 ν
760 3496 793 3545 13
820 3491 976 3545 obiceretur
1000 3489 1152 3547 1110111-

139 3598 249 3651 oeretur
261 3605 301 3662 Β;
320 3595 495 3668 οοἰξ1111111
513 3599 539 3667 (1
557 3596 625 3667 119)
643 3606 676 3650 Β
748 3579 825 3652 citra
839 3607 867 3650 Β
