2430 3952
438 178 672 234 DECLAMATIO
691 179 743 232 VII
757 184 835 233 3-5.
1080 179 1142 244 137

127 349 222 413 ,dedit
237 367 323 408 oaeoo
346 348 467 407 talionis
491 351 645 408 actionem.
691 368 763 406 mun
785 356 890 407 manus'
912 351 1075 408 recusantis
1088 351 1144 408 ¹in-

126 436 239 515 pellit?
284 437 475 510 iniuriarum,
502 437 599 497 oaedis
622 456 709 515 agere
731 436 880 512 permisit,
908 437 959 496 sed
981 456 1041 496 non
1064 440 1144 516 cogit

126 529 251 587 invitos
288 527 361 586 adeo
384 546 477 601 paene
500 528 594 586 levius
618 529 664 585 est
688 527 833 585 ultionem
859 527 955 601 perire
979 546 1069 602 quam
1090 546 1143 603 po-

129 617 278 676 testatem
325 633 416 693 genus
447 602 598 675 servitutis
627 617 672 674 est
699 617 801 675 ooaota
830 615 952 674 libertas
982 618 1012 674 et
1041 617 1144 675 eadem

85 705 288 781 siniquitas,
324 703 465 780 quioquid
495 704 530 763 de
564 704 659 763 invito
693 705 812 763 homine
844 705 945 763 faoias
990 706 1036 763 vis
1068 707 1143 765 seire

130 793 204 870 quid
222 794 269 852 lex
286 795 346 852 ista
364 791 568 869 prospexerit?
604 813 663 853 non
682 793 775 871 exigo,
794 794 828 851 ut
846 794 1021 868 torquearis.
1053 814 1143 869 quarn

129 885 236 958 multa,
254 882 297 940 dii
315 883 454 958 deaeque,
477 891 536 941 non
553 884 651 942 minus
671 884 740 941 sunt
757 884 845 957 iusta,
865 902 954 957 quam
971 884 1027 957 lex,
1051 884 1144 960 exigit

130 971 318 1049 quanmdam
335 971 450 1030 invidia
472 991 579 1046 rerum,
602 974 637 1030 ut
654 973 735 1030 vinei
757 990 788 1030 se
806 971 981 1049 magnitudo
999 972 1142 1047 patiatur.
1188 989 1191 993 ·

130 1063 161 1120 'et
182 1060 326 1137 quioquid
349 1060 489 1119 aooidisse
511 1062 636 1134 mireris,
659 1060 835 1120 tantundem
857 1063 954 1135 poscit
976 1060 1007 1118 in
1030 1061 1143 1120 ultione

87 1173 116 1215 no
130 1151 304 1209 ιιοιιιιιιι.Ι

126 1280 130 1285 ·
197 1238 293 1299 Filius
316 1239 349 1296 in
371 1239 530 1313 eonspeotu
552 1239 647 1312 patris
670 1240 783 1297 occisus
804 1241 857 1313 est,
879 1241 1016 1314 torquete
1035 1241 1143 1298 securi:

130 1329 209 1387 nihil
230 1327 362 1404 iniquius
385 1327 450 1386 fieri
472 1329 579 1402 potest.
624 1328 782 1404 ignoscant
806 1331 1023 1403 persuasiones,
1051 1330 1077 1387 si
1098 1329 1142 1386 fa·

127 1418 216 1477 ainus
234 1416 316 1475 istud
334 1417 466 1476 omnium
483 1415 667 1474 inlioitarum
679 1435 781 1474 rerum
795 1418 978 1492 consumpsit
989 1417 1142 1475 invidiam.

128 1509 162 1566 et
180 1505 436 1564 unde'tormentis
454 1506 538 1564 salva
560 1505 678 1563 iustitia
696 1506 748 1580 est,
770 1506 838 1580 plus
858 1508 903 1564 est
921 1505 957 1564 de
976 1524 1034 1580 quo
1054 1523 1143 1580 quae-

86 1619 114 1661 1⁶
128 1596 221 1668 ritur,
249 1614 340 1669 quam
367 1613 425 1669 quo
456 1594 544 1652 modo
572 1593 773 1669 quaerendum
804 1596 856 1652 est.
909 1595 1025 1652 nullum
1056 1593 1144 1653 debet

127 1684 269 1758 iniquum
295 1683 391 1743 videri
422 1701 513 1760 genus
545 1682 731 1758 probationis
761 1702 823 1742 esse
856 1683 935 1757 quod
964 1683 1060 1741 solum
1089 1686 1142 1742 est.

130 1774 162 1832 et
190 1772 330 1848 quioquid
361 1773 463 1847 potuit
493 1771 630 1847 prodesse
662 1772 827 1846 severitati,
859 1791 1012 1847 nunquam
1040 1774 1144 1830 noouit

129 1862 273 1937 exemplo
319 1860 430 1920 suffieit
451 1861 599 1920 libertatis
621 1861 803 1920 reverentiae
827 1861 906 1937 quod
929 1860 1106 1936 torquetis
1097 1881 1143 1919 m-

130 1951 196 2026 viti,
220 1950 299 2024 quod
322 1953 425 2009 eontra
447 1969 494 2008 me
517 1968 576 2007 non
600 1950 676 2008 alius
700 1951 823 2008 invenit.

86 2063 115 2104 ,o
196 2037 363 2097 Liberum
398 2039 563 2113 torqueri
598 2057 667 2096 non
702 2039 798 2098 lioet.
843 2039 899 2098 hoo
931 2041 988 2113 est,
1019 2038 1177 2114 iudices,5

129 2130 253 2206 propter
281 2128 359 2203 quod
386 2128 481 2186 filium
508 2147 606 2186 meum
634 2127 716 2186 dives
747 2146 847 2186 coram
875 2147 923 2186 me
952 2146 1012 2186 non
1040 2129 1144 2188 timuit
1166 2160 1168 2163 ·

130 2216 270 2276 oooidere
316 2216 412 2275 filium
438 2216 532 2294 igitur
559 2236 657 2275 meum
683 2218 716 2274 in
740 2218 898 2292 conspectu
920 2236 986 2276 meo
1014 2218 1143 2277 oooisum

129 2325 193 2366 esse
221 2306 374 2365 oontendo.
420 2305 493 2380 quid
519 2303 640 2364 dicitis?
685 2306 730 2363 ita
758 2325 819 2364 non
849 2308 913 2365 erat
943 2308 1046 2365 eontra
1074 2326 1142 2382 pro·

129 2395 317 2454 olamationis
344 2394 432 2454 huius
459 2394 561 2468 fidem,
589 2396 615 2453 si
641 2412 719 2452 nuno
749 2414 836 2472 agere
865 2413 981 2470 possem
1009 2397 1143 2470 quietum

86 2507 115 2551 ιι
128 2483 355 2558 modestamque
378 2481 538 2543 miserum?
578 2483 679 2557 wiltis,
702 2501 769 2542 oum
790 2484 846 2543 hoo
869 2483 1002 2557 viderim,
1024 2486 1143 2542 tantum

128 2571 334 2633 testimonium
366 2570 483 2632 dicam?
527 2573 637 2630 mirum
667 2572 814 2647 hercules,
846 2573 871 2632 si
903 2572 1004 2631 soindo
1036 2574 1142 2646 vestes,

128 2660 209 2721 nudo
233 2679 347 2736 eorpus,
369 2662 462 2739 ignes,
484 2661 604 2739 flagella
626 2659 773 2736 deposco?
808 2661 940 2720 insaniat
957 2678 1074 2719 neeesse
1097 2664 1144 2720 est

203 2820 218 2867 ι
241 2811 366 2866 tallionis
384 2822 413 2866 Β
435 2812 522 2881 (idel
538 2814 565 2882 Β)
588 2822 618 2878 ις
641 2827 744 2896 penam
766 2811 898 2896 ιιξιιοιιιε
917 2821 950 2866 Μ
1016 2818 1077 2880 post
1066 2815 1142 2867 t-ta

128 2882 235 2939 lionam
256 2886 389 2953 praebent
413 2885 479 2939 libri
495 2885 566 2938 hono
587 2884 739 2954 glossam
727 2885 796 2966 apsis
817 2884 904 2938 verbis
926 2889 1065 2938 contextus
1091 2885 1141 2938 tm-

128 2957 246 3011 miatom
301 2961 374 3010 aeter
392 2964 435 3023 M,
461 2955 510 3008 eos
528 2972 587 3009 enm
605 2956 637 3008 ta
654 2957 778 3024 marytres
796 2956 859 3009 odd.
879 2976 922 3008 m:
945 2954 1015 3009 talio
1039 2954 1143 3009 dieitur

130 3027 281 3096 quasit
322 3042 401 3094 oena,
419 3026 451 3079 id
469 3029 512 3080 est
530 3025 629 3093 simili,
648 3027 680 3078 ut
699 3026 744 3079 oui
763 3025 859 3080 oculus
878 3025 1012 3093 aufertur,
1031 3026 1142 3080 oculum

130 3097 254 3166 auferat,
272 3044 320 3152 ved
336 3098 360 3150 si
379 3098 448 3166 quid
466 3095 523 3150 tale
596 3069 735 3151 adtionem
753 3114 803 3152 om.
819 3106 864 3162 Μβ
943 3115 1011 3150 num
1033 3114 1084 3152 om.
1099 3106 1141 3164 Μς

129 3169 218 3225 etiam
239 3186 307 3222 num
324 3178 394 3236 mP3
414 3169 500 3222 etiam
517 3168 592 3221 unde
610 3177 643 3235 ⁸3
662 3185 718 3222 non
737 3180 758 3221 o
814 3167 944 3237 impellat
961 3178 982 3221 s
1045 3174 1060 3222 2
1080 3184 1142 3221 cae-

129 3241 179 3294 des
198 3249 232 3293 d!
308 3246 324 3293 3
347 3239 455 3294 ultione
472 3249 501 3293 Β
544 3255 667 3307 *quam2
692 3239 767 3308 quod
785 3248 813 3292 Ρ
885 3241 1027 3308 potestate
1044 3249 1073 3293 Β

130 3312 246 3367 liuta
262 3320 291 3364 Β
343 3327 440 3379 quam:
461 3311 536 3393 quod
552 3319 610 3364 ΜΡ
626 3309 680 3381 (vel
698 3326 783 3378 quam
802 3326 856 3378 que
874 3327 949 3379 supr.
964 3312 1004 3380 m)
1060 3315 1076 3363 8
1099 3311 1142 3363 in·

127 3382 223 3439 vidiae
241 3391 306 3450 ΒΜ,
325 3399 392 3438 corr.
408 3404 439 3435 m
501 3381 589 3446 vineis
606 3390 635 3434 Β
696 3386 729 3434 15
752 3397 850 3449 quam:
874 3383 923 3450 qd'
944 3391 971 3435 P
1037 3382 1097 3434 16'
1088 3382 1141 3434 mi-

129 3506 218 3561 quum
235 3488 395 3544 Aeaeam
421 3487 566 3542 inimicum
584 3509 607 3540 ω
697 3492 729 3540 17
754 3469 892 3571 quidquid
909 3497 938 3541 Β
958 3489 1027 3556 (exp.
1043 3489 1070 3556 o)

130 3566 165 3618 19
183 3577 241 3615 non
259 3576 308 3615 om
323 3569 352 3613 Β
410 3565 442 3613 21
461 3575 586 3615 nonem
602 3567 639 3626 Μ,
658 3558 722 3612 odd.
736 3580 768 3611 m
827 3564 859 3612 27
878 3559 959 3630 ignes
977 3575 1012 3612 en
1027 3557 1149 3610 teneam
