2430 3952
373 199 608 255 DEOLAMATIO
628 200 666 254 VI
681 206 758 255 1-4.
1010 202 1073 266 113

60 372 226 445 temperare
244 368 345 444 potuit
358 367 479 428 officia?
507 370 555 427 lex
573 369 748 444 parentibus
762 371 795 428 in
811 371 982 430 calamitate
995 371 1072 428 ferre

59 476 149 533 opem
176 457 309 533 iubebat,
333 460 457 532 uterque
484 476 591 533 parens
620 460 684 517 erat
711 459 881 518 calamitate
909 458 1073 534 devinctus,

58 565 138 606 unus
161 549 261 606 autem
284 564 452 605 succurrere
471 548 590 622 utrique
608 566 667 605 non
685 549 812 623 poterat,
835 549 950 606 invenit
972 551 1074 607 tamen

57 629 183 714 (viam)
200 634 357 712 ingeniosa
373 637 480 710 pietas,
504 638 535 694 et
552 637 671 711 utrique
690 637 828 696 subvenit
844 637 998 713 dispendio
1017 638 1072 696 sui.

28 725 124 801 sipse
147 726 230 783 venit
252 723 291 782 ad
313 725 438 802 patrem,
460 744 507 783 me
530 725 646 784 remisit
668 725 707 783 ad
729 729 863 784 matrem.
899 727 955 784 hoc
974 726 998 784 si
1022 725 1108 784 ‹le-a

56 812 240 872 fendendnm
267 816 324 888 est,
355 831 482 890 agnosco
508 814 603 889 partis
631 833 724 890 meas,
758 833 878 873 causam
905 814 1073 890 planctibus

58 921 158 980 agam
203 903 272 961 flere
305 904 384 962 enim
417 905 495 961 certe
527 920 580 978 per
611 903 708 979 legem
735 904 813 962 lieet.
860 904 995 978 alioquin
1022 903 1074 962 diu

57 991 183 1051 laudare
205 1010 265 1050 non
289 991 415 1065 expedit.
461 990 619 1069 diligenter
642 991 797 1051 defendere
825 994 1006 1051 contrarium
1029 994 1074 1050 est

58 1079 326 1139 actioni-nostrae:
350 1083 385 1139 ut
406 1080 598 1156 impetremus
621 1081 719 1156 funus,
741 1101 905 1140 moramur:
930 1081 1002 1139 dum
1019 1100 1073 1140 nos

10 1191 46 1233 «ιο
58 1169 229 1246 litigamus,
252 1168 323 1227 dum
346 1170 423 1227 circa
447 1170 574 1229 cadaver
596 1172 730 1228 nostrum
753 1170 818 1228 orbi
839 1171 980 1245 rixamur,
1003 1171 1073 1229 dum

59 1260 163 1336 agitur
190 1276 278 1318 causa
311 1258 455 1333 defuncti,
488 1259 559 1316 dum
591 1259 724 1333 sepulcro
756 1259 822 1336 lege
852 1259 1074 1334 praescribitur,

59 1347 133 1405 dnm
151 1347 260 1406 dantur
281 1347 417 1424 legitima
436 1347 600 1407 dicentibus
622 1351 766 1423 tempora,
789 1348 932 1423 putrescit
954 1349 1075 1407 interim

59 1454 168 1511 corpus
199 1455 252 1495 nec
288 1439 393 1494 totum.
420 1439 453 1494 in
485 1437 562 1497 sicco
599 1436 684 1495 iacet.
731 1437 858 1495 cadaver
887 1437 925 1494 ab
954 1437 1074 1496 incursu

60 1525 162 1584 avium
193 1526 381 1600 ferarumque
412 1527 531 1584 tantum
562 1525 770 1584 miserantium
799 1544 906 1585 corona
936 1527 1073 1584 custodit.

16 1635 44 1678 rc
58 1617 263 1674 convenerunt
290 1613 380 1673 etiam
407 1615 499 1673 alieni
525 1617 676 1690 parenteS,
704 1616 785 1673 totus
812 1617 844 1672 in
871 1615 1074 1689 spectaculum

59 1703 189 1780 populus
212 1703 321 1762 effusus
345 1705 397 1778 est,
422 1705 452 1762 et
473 1703 576 1780 ignoto
598 1723 714 1779 quoque
738 1703 855 1778 corpori
877 1703 996 1779 publica
1018 1704 1073 1761 hu·

58 1792 190 1851 manitas
214 1793 300 1868 quasi
323 1793 467 1868 quasdam
489 1794 561 1851 fecit
583 1793 728 1867 exequias.
766 1792 876 1850 deflent
899 1810 999 1851 omnes
1021 1793 1073 1851 ho-

58 1880 169 1955 mines,
196 1880 310 1956 dolent,
338 1882 535 1958 plurimorum
562 1884 661 1940 tamen
689 1882 744 1940 illa
771 1900 828 1940 vox
857 1884 914 1939 est:
947 1875 1073 1940 ‘iuvenis

58 1970 229 2046 insepultus
257 1972 343 2029 iacet.
389 1972 479 2030 miser
510 1990 564 2030 nec
593 1973 709 2046 patrem
740 1970 832 2029 habet
864 1971 988 2029 fortasse
1020 1989 1075 2029 nec

16 2081 47 2122 ao
59 2055 209 2118 matrem!
244 2059 306 2118 iam
323 2061 451 2119 hominis
469 2060 596 2137 figuram
614 2062 747 2118 vetustas
769 2079 862 2134 paene
882 2060 1073 2136 consumpsit,

58 2149 123 2207 iam
145 2149 228 2208 lenta
250 2147 334 2207 tabes
357 2150 523 2207 interram
547 2149 681 2223 defluxit,
709 2150 770 2206 iam
792 2149 891 2207 soluta
918 2151 984 2208 cute
1007 2168 1074 2208 ossa

58 2236 220 2296 nudantur
266 2237 430 2312 quamlibet
457 2238 610 2297 duraveris
638 2238 750 2312 animo,
777 2256 837 2295 non
860 2237 951 2296 ferres
973 2241 1074 2296 tamen

59 2327 130 2401 ista,
154 2328 179 2384 si
201 2325 323 2385 videres.

131 2413 187 2473 Sed
211 2415 313 2473 audire
332 2417 410 2474 certe
434 2418 532 2491 potes:
555 2415 606 2474 ille
626 2418 671 2474 est
687 2415 767 2474 filius
785 2360 886 2474 noster
904 2417 987 2473 cuius
1007 2433 1073 2489 spes

10 2524 46 2566 ,se
59 2506 144 2580 ipsas
162 2506 336 2579 amavimus,
358 2524 447 2580 quem
470 2505 549 2581 apud
568 2505 668 2563 omnia
691 2504 803 2580 templa
826 2506 856 2562 et
874 2504 977 2562 surdos
995 2506 1073 2562 votis

59 2593 132 2653 deos
155 2592 344 2669 superstitem
366 2593 482 2669 precati
504 2611 614 2667 sumus,
637 2613 655 2651 a
679 2613 738 2669 quo
757 2593 877 2668 sepeliri
895 2594 1073 2667 optavimus,

58 2681 113 2740 ille
137 2682 273 2740 amabilis
296 2681 408 2757 infans,
435 2683 487 2741 ille
509 2682 635 2741 blandus
658 2700 740 2758 puer,
768 2682 819 2740 ille
842 2682 958 2738 iuvenis
982 2680 1073 2739 etiam

53 2773 132 2830 ante
154 2770 210 2830 hoc
232 2771 343 2830 crimen
365 2772 530 2848 piissimus,
557 2772 622 2845 ille,
649 2771 719 2832 dum
742 2790 798 2846 par
824 2771 945 2828 fortuna
966 2788 1073 2845 paren·

58 2861 139 2919 tium
160 2861 232 2935 fuit,
258 2879 422 2937 propensus
444 2861 479 2919 in'
504 2879 635 2919 amorem
657 2861 711 2918 tui.
739 2860 893 2933 *mention
920 2860 978 2918 nisi
1006 2878 1073 2918 cum

14 2971 47 3011 so
59 2950 262 3026 peregrinatio
288 2969 355 3008 mea
382 2968 434 3009 nos
462 2950 627 3024 diduceret,
654 2949 762 3007 maluit
790 2966 851 3006 esse
875 2967 942 3007 cum
968 2952 1071 3007 matre.

60 3057 108 3097 me
131 3057 184 3113 per
207 3039 307 3098 omnia
328 3040 424 3097 maria
440 3039 625 3113 volitantem,
649 3039 768 3114 utplus
786 3037 848 3095 filio
867 3037 1072 3113 relinquerem,

61 3127 254 3186 circumvenit
272 3125 389 3187 saevius
404 3129 470 3203 ipso
483 3127 560 3186 mari
578 3126 775 3186 latrocinium.
812 3118 986 3197 describam*
993 3146 1072 3186 nunc
1089 3125 1108 3180 4

56 3252 62 3261 ’
132 3260 297 3326 ιίιιιοιιβ
360 3261 469 3315 4viam
488 3263 587 3319 addidi
659 3262 787 3329 spartes
805 3260 881 3316 codd.
898 3267 1008 3343 practer
1025 3269 1078 3313 BV

61 3371 96 3421 10
114 3367 237 3421 rixamus
259 3377 284 3420 V
350 3372 381 3421 11
400 3366 459 3438 legi
476 3377 538 3421 Β
565 3367 748 3436 perscribitur
770 3377 792 3420 V
860 3349 1074 3435 1vexeqt1esn

60 3443 96 3492 24
114 3440 209 3508 potest
225 3448 278 3492 BV
344 3444 379 3492 28
397 3439 522 3494 fortuna·
541 3441 643 3492 natura
662 3448 694 3492 Β
761 3439 921 3507 parentium
940 3448 977 3491 B:
999 3440 1072 3490 -tum

57 3510 161 3579 reliqui
231 3515 265 3563 30
284 3510 492 3565 deduceretur
552 3516 586 3564 31
604 3508 777 3564 volutantem
796 3521 824 3564 Ρ
881 3509 939 3563 filio
957 3519 1075 3578 supr}

61 3580 311 3635 82circovenit1’

115 3679 274 3730 vammrr
284 3691 489 3726 nucummorrs
504 3682 541 3726 ed.
554 3683 638 3726 Lehu
621 3697 672 3728 ure
659 3687 696 3726 ι.ι
916 3674 939 3721 Q
