2430 3952
145 215 208 279 196
411 213 627 268 SEPVLORVM
645 213 888 269 INOANTATVM

143 401 221 442 nune
243 384 341 443 minus
363 383 435 442 mali
458 386 619 459 pateretur,
642 384 668 442 si
690 401 750 441 non
773 385 903 442 sentiret.
944 384 996 441 ille
1020 385 1072 459 qui
1097 405 1160 445 non
1196 411 1200 419 -

144 474 226 532 veuit
252 472 284 530 in
307 473 455 548 quendam
482 479 641 546 carcerem,
667 473 830 530 translatus
853 491 872 530 a
898 473 1013 531 tumulo
1038 475 1159 548 patitur

114 592 116 598 v
143 561 284 621 veneficia
306 564 395 621 vitae.
440 580 566 638 magnae
593 563 664 619 sunt
686 579 756 637 ergo
784 561 954 619 umbrarum
979 564 1104 622 catenae
1129 567 1160 622 et

144 670 326 726 quamquam
348 651 503 710 volatilem
526 669 690 728 vagamque
713 650 873 726 imaginem
895 650 985 710 morti
1003 653 1160 728 stringunt

145 742 234 815 atque
253 739 382 817 alligant
403 741 557 814 tamquam
575 758 658 797 reum
683 757 788 814 corpus
812 740 949 797 animam.
986 739 1065 799 ferro
1084 760 1158 800 vero
1186 763 1197 803 5

144 847 178 886 ac
205 829 354 905 lapidibus
382 832 480 886 artare
508 832 551 902 et,
577 830 612 886 ut
638 829 734 886 solent
761 828 883 886 bellicae
906 828 995 887 robur
1023 830 1159 905 accipere

143 920 256 993 portae,
278 919 375 993 ipsam
397 916 533 975 umbram
555 919 617 974 iam
639 917 750 976 eatenis
773 917 911 993 alligare,
933 918 994 975 iam
1017 918 1160 978 claustris

143 1027 203 1066 non
222 1006 287 1066 dico
308 1006 424 1064 crudele
443 1007 496 1080 est,
519 1007 732 1080 portentosum,
754 1006 910 1079 nefarium,
932 1008 1036 1081 utique
1056 1007 1082 1064 si
1101 1008 1159 1067 hoc

143 1095 237 1154 faciat
259 1096 310 1171 qui
330 1113 484 1154 sensurum
502 1093 597 1152 filium
615 1094 723 1153 credat.
761 1098 791 1153 et
808 1114 886 1153 nunc
903 1095 970 1154 illos
989 1097 1160 1156 miserrima

144 1187 239 1242 mater
261 1185 294 1242 in
312 1202 417 1260 corpus
435 1186 524 1258 putat
542 1187 572 1241 et
589 1186 622 1242 in
640 1183 772 1242 membra
791 1183 973 1242 descendisse
991 1203 1158 1246 mucrones.
1174 1205 1196 1245 u

109 1274 127 1326 9
213 1272 237 1332 O
260 1292 347 1350 mage
370 1291 464 1346 saeve,
488 1272 624 1347 crudelis,
647 1291 664 1331 o
688 1273 719 1330 in
742 1273 878 1331 lacrimas
899 1272 1007 1330 artifex
1028 1277 1159 1351 nostras,

144 1362 251 1420 vellem
265 1381 325 1420 non
339 1361 467 1421 dedisses
485 1365 548 1419 tam
567 1381 709 1439 maguum
728 1361 969 1436 experimentum.
1000 1362 1161 1422 irascimur

144 1451 213 1526 tibi,
242 1454 273 1510 et
295 1450 425 1510 blandiri
446 1469 563 1510 necesse
587 1454 639 1509 est.
685 1450 755 1508 dnm
779 1450 871 1508 cludis
894 1451 1043 1525 umbram,
1068 1451 1160 1511 intel-

144 1541 270 1599 leximus
293 1541 390 1599 solum
412 1542 442 1598 te
466 1559 528 1599 esse
551 1539 602 1614 qui
624 1541 719 1614 possis
743 1558 872 1598 evocare.

210 1629 338 1688 Videtur
359 1631 462 1705 itaque
484 1629 592 1687 mulier
613 1628 717 1687 infelix
740 1647 758 1686 a
776 1627 931 1705 dignitatis
955 1629 1055 1688 dolore
1078 1647 1160 1690 sece·
1175 1649 1197 1690 u

145 1719 225 1792 dere,
254 1719 332 1794 quod
359 1721 423 1776 tam
450 1719 568 1776 uxorias
595 1718 628 1776 in
653 1718 751 1776 forum
779 1718 913 1792 querelas
941 1719 971 1776 et
1002 1720 1161 1793 tamquam

144 1808 272 1866 delicata
298 1809 452 1866 matronae
480 1806 624 1865 desideria
651 1807 815 1882 pertulerit.
861 1825 920 1864 non
949 1809 1027 1864 enim
1058 1811 1159 1868 vestes

144 1915 198 1954 nec
225 1915 331 1954 aurum
356 1914 410 1954 nec
438 1895 609 1954 ambitiosos
637 1897 754 1970 quaerit
782 1897 916 1970 ornatus,
944 1897 1084 1954 contenta
1114 1900 1161 1956 est

146 1984 257 2043 orbitas
280 1984 414 2044 sordibus
438 1986 506 2044 suis
549 2003 582 2042 ac
605 2003 659 2042 nec
681 1984 784 2058 pelicis
809 1983 929 2059 quidem
953 1984 1054 2042 dolore
1078 2003 1159 2044 com-

144 2073 275 2148 pellitur,
302 2091 355 2132 nec
377 2074 470 2132 tacita
498 2073 606 2151 gaudia
628 2074 730 2131 mariti
753 2073 941 2149 impatientia
965 2076 995 2131 et
1016 2074 1161 2133 muliebri
1174 2093 1198 2133 re

145 2163 277 2220 vanitate
302 2163 473 2238 complorat.
519 2162 571 2220 sed
592 2181 645 2221 nec
668 2161 805 2220 relictum
827 2165 926 2220 torum
949 2162 1159 2239 desertumque

145 2251 292 2327 genialem
323 2252 406 2310 velut
437 2253 607 2326 contempta
633 2251 734 2310 vilitas
767 2251 865 2308 uxoris
897 2250 1062 2309 ulciscitur:
1097 2254 1159 2311 alia

145 2341 240 2417 longe,
264 2341 324 2398 alia
348 2340 383 2398 de
406 2341 541 2399 noctibus
564 2359 634 2398 cura
653 2342 705 2398 est.
742 2358 778 2397 ne
797 2340 940 2413 timueris,
964 2357 1159 2416 quaecunque

146 2429 275 2506 dignitas
299 2431 344 2488 est
366 2431 468 2506 magni
490 2429 613 2488 doloris:
636 2429 712 2487 nihil
733 2429 868 2503 queritur
890 2429 998 2487 misera
1019 2429 1078 2487 nisi
1102 2449 1160 2506 par

145 2518 276 2592 orbitati,
293 2519 352 2577 nisi
370 2519 459 2577 matri
477 2519 610 2595 dignum,
625 2517 704 2592 quod
722 2517 855 2593 publicos
874 2519 1029 2575 consumat
1046 2520 1159 2594 oculos,
1173 2536 1195 2578 se

146 2608 225 2683 quod
251 2609 371 2684 ignotas
399 2626 514 2683 quoque
543 2609 642 2684 exigat
668 2607 813 2664 lacrimas.
860 2610 1004 2681 quantam
1032 2608 1113 2665 enim
1142 2628 1160 2666 a

144 2697 252 2755 marito
276 2699 421 2773 acceperit
443 2696 585 2754 iniuriam
608 2694 682 2754 scire
704 2693 819 2753 vultis?
856 2696 919 2753 sola
942 2698 1037 2753 mater
1059 2695 1160 2755 filium

145 2785 275 2860 perdidit
302 2804 355 2844 nec
385 2788 483 2861 potest
511 2783 655 2843 invidiam
685 2784 781 2842 facere
809 2784 907 2842 morti.
955 2786 1023 2843 ante
1051 2784 1158 2860 itaque

146 2893 235 2948 quam
253 2876 362 2949 sciatis,
385 2874 505 2947 iudiceS,
525 2874 590 2949 quis
609 2873 693 2932 dolor
711 2873 813 2947 quisve
832 2891 956 2947 maeror,
976 2891 1051 2948 quae
1070 2876 1159 2932 tanta

218 3066 232 3113 1
251 3063 362 3132 minus}
381 3066 398 3114 3
416 3063 456 3116 uel
474 3067 491 3114 4
510 3063 561 3114 litt.
580 3077 616 3114 cr.
636 3069 667 3112 Μ
737 3065 752 3111 3
773 3059 910 3113 beneficia
927 3069 986 3112 ΒΜ
1001 3058 1056 3128 (vel
1074 3077 1160 3116 vene-

145 3133 209 3185 ficia
227 3136 267 3201 m)
339 3149 421 3202 mage
435 3142 487 3186 BV
554 3139 872 3200 4quamquamom.1’
942 3137 1068 3183 ererum
1086 3141 1110 3183 V

147 3203 294 3272 'lalligari
309 3214 340 3257 Β
355 3204 408 3274 (vel
423 3203 594 3274 alligarem)
662 3203 909 3270 Sportentuoeum
928 3211 959 3254 Β
1023 3207 1055 3254 10
1075 3207 1160 3271 patet

145 3284 179 3340 Β,
198 3292 216 3327 u
235 3292 309 3343 supr.
325 3286 342 3327 o
440 3281 472 3329 11
491 3274 615 3328 lacrimis
633 3283 661 3326 Β
745 3278 777 3325 12
801 3272 901 3324 vellem
922 3273 1040 3326 desiseee
1059 3283 1087 3326 Β

147 3351 179 3398 13
199 3346 340 3410 claudiae
409 3351 441 3400 19
461 3346 518 3400 suis
537 3345 665 3400 sordibus
683 3354 711 3397 B
771 3358 807 3396 ne
824 3341 923 3410 pelicis
946 3353 1000 3408 veo
1061 3350 1095 3399 20
1116 3350 1159 3401 ta-

146 3417 215 3471 cita:
234 3419 348 3482 tantae
406 3424 438 3471 21
458 3417 570 3471 thomm
583 3426 645 3482 Βνρ
703 3420 736 3467 22
756 3415 887 3467 contenta
905 3423 926 3465 v
977 3420 1010 3466 23
1030 3415 1161 3472 timuerit

145 3489 203 3544 scr.
260 3494 294 3540 24
313 3504 342 3541 es
360 3499 381 3541 s·
444 3494 477 3542 25
496 3488 581 3542 matri
599 3505 633 3542 ex
650 3488 738 3540 matre
756 3494 784 3537 Β
849 3489 883 3537 26
903 3486 1063 3540 amaritudo
1082 3499 1108 3541 J

144 3601 179 3649 ee
196 3595 324 3668 inuris}
341 3605 362 3648 r
412 3601 445 3649 ee
464 3560 602 3648 quiter-
