2430 3952
365 199 598 255 DECLAMATIO
617 200 669 255 VII
682 206 777 255 9-11.
1014 203 1078 267 143

66 370 200 432 occidere
219 370 262 430 sio
279 389 386 445 operae
404 369 533 445 pretium
551 373 603 444 ost,
627 369 653 428 si
670 369 748 428 illud
764 373 828 446 ipse
846 371 947 430 facias.
979 371 1079 446 perdit

64 461 229 539 plurimam
251 459 287 518 de
310 457 467 518 sceleribus
489 456 675 534 voluptatem
699 461 751 534 qui
772 460 914 534 mandat„
928 463 958 520 et
979 461 1077 523 miuus

65 551 183 628 gratiae
209 547 297 608 rebus
325 565 360 605 ex
386 548 491 606 nuntio
514 548 605 606 venit
650 546 765 606 occidet
791 549 869 609 alins
895 552 926 609 te
948 548 1077 624 iubente,

65 639 119 701 sed
140 636 312 698 minoribns
334 637 397 696 illie
418 655 479 696 non
504 637 640 695 fruentur
667 637 758 710 oculi,
785 636 837 696 sed
862 637 931 713 plus
959 641 1016 712 eet,
1043 640 1079 697 ut

34 726 248 805 esingultibus
275 725 411 787 abeuntis
439 727 569 799 animae,
595 727 631 783 ut
659 744 761 784 eruore
789 725 918 801 satieris,
947 730 982 785 ut
1008 745 1077 786 con·

64 817 186 894 lapsum
207 815 465 892 palpitantemque
486 814 601 889 rideas,
628 817 663 873 ut
684 833 731 873 me
756 815 883 874 vidente.
929 817 1076 893 convenit,

65 905 189 980 iudicer,
212 904 290 979 quod
313 904 376 979 ipse
397 903 479 963 dives
501 904 558 962 hoc
580 904 651 963 fecit
683 906 713 963 et
732 903 810 980 quod
828 923 883 982 ego
902 903 976 963 ridi:
998 903 1077 964 ratio

66 994 210 1058 saevitiae
229 995 282 1068 est,
305 995 341 1051 ut
359 993 468 1068 aliquis
487 1010 587 1051 coram
604 1012 651 1052 mo
670 993 829 1068 occidatur,
850 996 1077 1069 propterquam
1136 1009 1137 1013 ’

67 1083 220 1144 occiditur.

26 1199 53 1239 ω
134 1171 238 1234 Fidem
264 1173 407 1244 vestram,
433 1170 558 1244 iudices,
585 1190 623 1230 ne
644 1191 692 1230 me
718 1171 785 1230 ideo
812 1189 872 1229 non
898 1170 1009 1247 putetis
1033 1171 1075 1231 vi·
1092 1168 1129 1225 ll

68 1261 155 1335 disse,
179 1262 250 1335 quia
271 1260 348 1318 nihil
365 1259 430 1318 feci.
466 1260 651 1318 servolorum
668 1261 724 1319 iste
743 1259 975 1335 libertorumque
993 1260 1078 1322 dolor

68 1353 114 1411 est
132 1351 228 1409 occiso
246 1349 365 1412 homine
384 1350 487 1407 statim
505 1348 578 1408 scire
598 1348 671 1423 qnid
690 1348 792 1422 faciae,
814 1351 987 1424 exclamare,
1010 1369 1078 1425 pro·

68 1457 198 1512 currere,
228 1437 318 1497 fidem
344 1437 466 1496 deorum
494 1437 705 1513 hominumque
731 1437 849 1512 testari3
877 1441 981 1513 postea
1011 1457 1078 1498 cum

67 1528 199 1589 lacrimis
216 1528 292 1586 veni.
328 1526 420 1586 vultis
438 1544 638 1602 percussorem
655 1524 815 1586 invadam?
851 1527 943 1586 vultis
962 1527 1077 1604 fugien-

26 1641 56 1683 15-
66 1620 130 1677 tem
161 1613 290 1691 sequar?
334 1615 454 1675 interim
485 1614 668 1675 deficientem
695 1614 762 1690 quis
790 1613 936 1690 excipiet?
967 1618 1015 1674 cui
1046 1635 1078 1675 se

67 1707 222 1767 morientis
244 1704 368 1780 inponet
390 1701 568 1763 infirmitas?
604 1706 660 1762 scis
683 1704 825 1780 profecto,
847 1721 1010 1780 percussor,
1033 1706 1077 1763 fa-

68 1797 152 1855 cinus
185 1793 333 1869 ordinare,
366 1793 528 1869 disponere.
574 1791 669 1852 filium
701 1792 832 1852 occidere
862 1811 962 1853 eoram
991 1795 1078 1869 patre

68 1885 214 1944 secretum
236 1885 288 1942 est.

134 1971 323 2047 Miseremini,
341 1970 461 2047 iudices,
478 1971 580 2048 igitur,
598 1973 633 2029 nt
650 1971 719 2030 hinc
737 1990 854 2046 quoque
872 1971 971 2030 velitis
990 1973 1077 2031 aesti-

28 2085 55 2126 ω
68 2080 150 2122 mare
174 2060 275 2121 divitis
300 2060 618 2136 conscientiamquod
642 2063 796 2120 contentus
820 2063 877 2135 est,
899 2080 936 2120 ne
960 2061 995 2119 de
1018 2079 1077 2120 sce-

18 2149 19 2152 ’
68 2152 129 2210 lere
153 2151 321 2225 quaeratur.
356 2168 417 2208 non
438 2150 530 2208 habet
551 2149 690 2208 fiduciam
712 2149 839 2227 hominis
859 2151 911 2225 qui
933 2169 980 2208 me
1003 2152 1080 2209 sciat

67 2237 209 2300 mentiri?
237 2241 267 2298 et
289 2239 370 2314 quod
395 2258 455 2298 non
483 2239 580 2297 minus
607 2238 719 2297 debetis
747 2239 912 2314 attendere,
940 2239 1078 2320 quamsi

67 2330 223 2404 fateretur,
245 2345 305 2386 non
327 2330 416 2403 putat
438 2327 495 2386 sibi
518 2327 643 2402 salvum,
665 2327 832 2387 utiterum
853 2329 948 2405 neget.
994 2328 1078 2387 dusi-

67 2418 164 2478 mnles
178 2417 258 2491 licet,
271 2435 330 2476 non
349 2419 394 2476 est
411 2417 598 2476 innocentiae
615 2418 721 2491 metus,
739 2436 806 2477 cum
824 2419 967 2476 timentur
981 2417 1079 2476 aliena

27 2528 54 2571 rs
67 2507 226 2567 tormenta.
262 2505 335 2582 quid
353 2507 397 2564 ait
415 2503 517 2564 dives?
553 2504 712 2564 orbitatem
734 2525 831 2565 meam
852 2505 884 2563 in
901 2506 1077 2582 telegonus

67 2614 214 2671 usumque
241 2595 406 2671 convertet,
438 2596 464 2653 si
490 2596 608 2670 paterni
634 2594 745 2654 doloris
775 2595 936 2654 auctoritas
963 2594 1078 2652 facinus

68 2679 170 2762 (tibi)
182 2683 314 2761 inpingit
327 2681 479 2743 alienum?
510 2683 616 2742 deinde
630 2702 690 2742 non
703 2683 765 2758 ipse
780 2683 866 2742 affers
881 2683 1004 2756 eculeos,
1018 2701 1078 2741 non

67 2774 132 2851 ipse
151 2773 283 2849 disponis
300 2770 405 2850 ignes?
441 2772 568 2832 dicerem
586 2772 766 2831 mehercules
783 2774 813 2830 te
832 2772 908 2831 velle
931 2770 1077 2846 torqueri3

69 2881 123 2941 ego
152 2862 253 2923 scindo
280 2864 390 2936 vestes,
417 2863 451 2920 tu
478 2861 668 2937 intremisois,
698 2880 752 2939 ego
783 2861 821 2921 ad
850 2860 970 2938 flagella
998 2861 1077 2920 nudo

28 2972 56 3014 ro
69 2969 190 3027 corpus,
212 2953 243 3011 te
266 2951 340 3009 facit
361 2950 459 3026 pallor
481 2951 658 3023 exanimem,
681 2969 735 3026 ego
758 2950 887 3025 eculeos,
912 2968 966 3028 ego
989 2968 1078 3025 posco

140 3127 156 3174 2
181 3119 333 3190 plurimum
357 3127 442 3183 Broc
453 3121 531 3175 Desa
541 3136 571 3189 p.
585 3122 623 3173 97
728 3118 904 3188 voluptatum
928 3119 1006 3175 Deos.

69 3196 214 3262 3graciae
228 3191 342 3261 graciae
359 3200 381 3242 V
431 3190 611 3245 boonvenite
628 3200 650 3242 V
695 3189 889 3244 scaevitialr
933 3190 1043 3244 occidat
1061 3199 1083 3243 V

70 3261 415 3319 11u01010so2d0101em
433 3271 467 3315 Μ
518 3267 552 3315 14
569 3261 664 3316 venire
682 3272 704 3314 V
754 3267 787 3316 16
805 3261 927 3316 facinus:
946 3264 978 3317 ic
991 3279 1077 3332 marp.

68 3371 275 3426 subcoccafl
327 3373 360 3423 19
380 3349 561 3425 itinerar>
605 3372 906 3435 abmeammeumc
959 3368 1078 3424 intele:

68 3440 155 3497 vitale
174 3450 202 3494 P
259 3445 293 3494 27
311 3440 366 3495 tibi
383 3440 448 3495 odd.
462 3441 558 3508 Deoo.;
575 3456 627 3496 om.
641 3462 663 3494 ω
718 3439 810 3495 aufers
828 3450 853 3495 s
904 3445 938 3494 28
957 3439 1079 3494 dicerem

68 3513 161 3569 Desa:
181 3511 273 3567 dicere
291 3533 310 3565 α
328 3511 368 3582 (in
387 3510 442 3565 elio
460 3510 498 3566 hf
512 3511 621 3570 dicme
638 3529 712 3582 ewpr.
727 3514 768 3582 m)
782 3524 814 3580 c,
832 3511 939 3567 discere
957 3525 984 3578 e,
1003 3511 1079 3566 dica-

68 3599 112 3638 res
130 3596 165 3647 ys
237 3588 270 3637 29
289 3582 462 3638 intremescis
480 3592 509 3637 Β
