2430 3952
119 199 193 266 360
403 193 595 255 exosum
613 196 857 256 6666666616.

378 409 384 417 ’
456 421 508 480 IV.
532 422 790 484 Murnausmcvs.

184 545 416 622 Arpumeotuon:
442 545 571 616 Quidam
593 545 630 605 de
651 548 742 622 pastu
764 549 863 606 uxoris
891 548 1143 607 mathematicum

121 636 278 696 consuluit.
319 637 347 695 is
368 636 524 712 respondit
544 637 643 695 virum
666 636 774 694 fortem
801 636 936 695 futurum
960 638 1012 712 661
1034 654 1142 697 nasce-

117 728 209 801 retur,
232 724 339 784 deinde
362 724 550 800 parricidam.
593 742 660 783 oum
679 724 858 784 adolevisset
881 726 933 801 qui
955 729 1020 784 erat
1036 729 1144 801 natus,

116 813 196 873 bello
219 814 337 891 patriae
360 813 479 872 fortiter
501 815 564 891 egit
591 815 622 871 et
643 831 781 890 pugnans
807 833 862 889 pro
884 815 986 890 patria
1008 816 1085 873 vicit
1108 819 1144 875 et
1173 836 1187 876 s

117 922 185 962 oum
207 904 308 978 palma
325 905 462 979 receptus
485 904 532 962 est
555 903 588 960 in
604 903 744 978 patriam.
785 902 885 962 reddit
908 920 1011 963 causas
1030 905 1143 962 66166-

116 995 212 1052 tariae
234 993 349 1051 mortis.
389 995 477 1067 pater
499 990 677 1051 contradicit

184 1081 297 1140 Nolens
320 1080 399 1139 enim
417 1098 448 1140 se
470 1082 570 1157 ipsum
588 1079 721 1139 occidere
745 1081 808 1139 sine
827 1083 976 1140 sententia
993 1080 1143 1158 iudicum,

117 1183 155 1229 ne
173 1172 330 1246 reputetur
354 1169 503 1228 homicida
529 1171 575 1228 sui
598 1171 629 1228 et
650 1170 697 1228 ita
718 1172 820 1229 careat
842 1171 1004 1246 sepultura,
1026 1171 1144 1230 nititur

117 1258 244 1335 probare
271 1276 371 1318 coram
393 1258 541 1318 iudicibus
571 1258 651 1335 quod
674 1257 781 1317 debeat
808 1262 838 1317 et
859 1262 961 1334 posset
983 1277 1014 1318 66
1035 1260 1143 1335 ipsum
1159 1281 1185 1320 ro

119 1347 258 1407 occidere.
305 1349 417 1425 allegat
440 1348 519 1406 enim
542 1347 655 1407 dicens:
677 1364 799 1423 possum
822 1349 853 1406 61
876 1347 967 1407 debeo
989 1367 1037 1406 me
1061 1351 1144 1408 occi-

1 1475 3 1479 ,
120 1436 198 1511 dere,
221 1455 258 1495 ne
280 1435 476 1513 parricidium
499 1437 693 1496 committam.
735 1437 838 1512 utique
863 1436 952 1511 illud,
975 1438 1002 1496 si
1024 1437 1144 1511 vixero,

117 1525 212 1585 habeo
243 1527 442 1600 committere,
471 1524 700 1585 mathematicus
731 1527 810 1584 enim
840 1525 882 1584 sic
910 1525 1062 1601 praedixit
1084 1530 1144 1602 qui

118 1614 192 1674 adeo
220 1634 310 1675 verax
334 1617 380 1673 est
408 1614 486 1690 quod
516 1616 719 1692 interrogatus
747 1613 782 1671 de
810 1616 900 1689 partu
927 1615 960 1672 16
983 1615 1067 1674 66116
1092 1632 1141 1674 er·

117 1705 207 1778 ravit,
229 1722 290 1763 non
307 1706 341 1762 in
359 1723 429 1764 sexu
449 1705 501 1779 661
523 1706 620 1763 virum
639 1704 702 1762 fore
726 1703 803 1761 dixit
825 1705 856 1762 et
874 1703 983 1762 fortem
1006 1705 1037 1761 et
1060 1704 1182 1764 stre-15

118 1808 210 1852 nuum
228 1813 283 1870 pro
302 1794 410 1869 patria.
439 1811 514 1868 quae
529 1793 630 1851 omnia
648 1792 838 1870 contigerunt
856 1793 887 1850 et
905 1807 939 1850 eo
958 1791 1142 1869 ordineque

119 1881 201 1940 dixit.
250 1881 323 1957 quid
350 1900 420 1960 ergo
452 1899 530 1940 nunc
561 1883 657 1941 restat
687 1881 746 1940 nisi
771 1881 914 1940 ultimum
942 1880 1021 1956 quod
1049 1881 1142 1958 dixit,

119 1971 198 2047 quod
231 1971 416 2029 committam
444 1968 645 2044 parricidium.
688 1969 768 2045 quod
797 1971 833 2027 61
861 1968 966 2029 661166
996 1970 1143 2030 credatur

118 2061 267 2133 futurum,
294 2060 431 2135 permisit
454 2059 514 2116 alia
537 2077 614 2134 quae
640 2059 702 2117 iam
725 2061 900 2133 evenerunt,
928 2061 962 2116 ut
985 2059 1066 2134 quod
1091 2061 1142 2118 fu-

120 2151 223 2206 turum
246 2147 412 2220 occidatur,
440 2149 482 2220 et,
509 2149 535 2205 si
558 2147 652 2221 dicas,
683 2146 761 2222 quod
788 2148 884 2206 fetum
912 2147 1052 2222 impediri
1074 2167 1142 2208 666
1156 2169 1183 2208 ao

119 2238 226 2312 potest.
269 2254 340 2312 ergo
362 2237 492 2311 oportet,
522 2235 601 2311 quod
623 2237 740 2311 patrem
763 2235 908 2310 occidam,
932 2238 962 2295 61
985 2235 1065 2312 quod
1089 2258 1143 2298 me

119 2344 179 2384 non
200 2324 384 2383 interficiam.
426 2325 493 2384 dico
517 2325 606 2400 quod,
629 2324 656 2384 si
677 2331 725 2384 me
744 2325 897 2399 interficio,
917 2325 1143 2401 quodammodo

118 2418 236 2490 patrem
254 2416 376 2489 propter
395 2413 554 2472 orbitatem
571 2413 726 2489 interficio,
750 2432 806 2492 ego
825 2416 926 2472 autem
944 2431 1003 2473 non
1023 2417 1144 2476 moriar

120 2504 199 2580 quod
226 2505 350 2579 propter
377 2504 568 2562 strenuitates
596 2520 670 2579 quas
693 2504 763 2578 feci,
791 2503 874 2562 61661
900 2503 1043 2562 memoria
1066 2508 1143 2580 mei,

119 2596 150 2652 61
173 2595 215 2652 616
237 2611 297 2651 666
319 2611 420 2670 pugno
439 2595 543 2651 contra
566 2593 671 2650 16166.
713 2612 731 2651 6
753 2595 840 2667 pater
862 2593 913 2666 mi,
937 2595 1051 2667 666616
1078 2595 1184 2654 initas

118 2685 172 2742 tua
195 2683 304 2742 caritas
328 2684 358 2740 et
381 2682 477 2757 pietas
497 2682 557 2757 qui,
581 2700 647 2740 cum
666 2681 798 2741 audisses
821 2700 840 2739 a
862 2683 948 2739 tanto
970 2681 1144 2744 mathema·

119 2773 179 2830 tico
209 2771 289 2847 quod
319 2770 398 2829 filius
434 2770 553 2830 adultus
588 2770 725 2828 deberem
753 2772 784 2828 te
815 2769 959 2844 occidere,
989 2788 1058 2828 cum
1092 2793 1144 2833 me

119 2861 270 2937 iugulasse
288 2858 417 2932 deberes,
440 2860 565 2917 delicate
584 2860 714 2932 nutristi,
737 2877 832 2934 nuper
851 2858 942 2917 etiam
959 2858 1145 2922 imminente

119 2948 197 3025 bello
221 2949 336 3025 patriae
356 2969 403 3007 me
425 2946 489 3023 ipse
508 2948 638 3007 armasti.
685 2965 740 3025 ego
764 2951 864 3007 66166
885 2949 954 3023 post
976 2946 1145 3011 victoriam

121 3040 252 3096 armatus
275 3037 391 3096 rediens
419 3036 619 3113 applaudente
645 3036 757 3113 populo
781 3057 799 3096 a
821 3039 851 3095 te
876 3035 984 3095 diverti
1006 3055 1063 3096 nec
1090 3057 1145 3100 cu·
1159 3060 1187 3101 66

120 3126 199 3184 curri
221 3127 253 3184 in
276 3128 428 3201 amplexus
452 3128 533 3199 tuos,
560 3146 598 3184 ne
620 3126 698 3185 forte
723 3126 894 3200 impellente
917 3125 980 3184 fato
1003 3128 1035 3184 te
1060 3132 1145 3189 occi-

120 3214 227 3273 derem.
268 3215 375 3274 uictori
397 3215 513 3292 patriae
532 3214 677 3274 debentem
698 3215 795 3288 tituli,
817 3215 971 3291 imagines
993 3214 1146 3296 honores3

120 3305 193 3362 haec
215 3322 287 3382 rogo
307 3307 422 3363 servate
445 3305 577 3363 victuris.
618 3303 693 3361 mihi
710 3306 861 3378 praestate
884 3303 1011 3362 salutem
1029 3309 1147 3385 patris,

120 3393 321 3452 innocentiam
338 3412 445 3466 meam,
468 3396 635 3468 temporum
652 3392 804 3468 pudorem.
842 3411 899 3451 nec
917 3392 1071 3454 homicida
1097 3408 1148 3459 est

187 3587 224 3634 32
239 3580 391 3654 ymagines
410 3590 442 3634 M
