<?xml version="1.0" encoding="UTF-8"?>
<!DOCTYPE html PUBLIC "-//W3C//DTD XHTML 1.0 Transitional//EN"
    "http://www.w3.org/TR/xhtml1/DTD/xhtml1-transitional.dtd">
<html xmlns="http://www.w3.org/1999/xhtml" xml:lang="en" lang="en">
 <head>
  <title>
</title>
<meta http-equiv="Content-Type" content="text/html;charset=utf-8" />
  <meta name='ocr-system' content='tesseract 3.04.00' />
  <meta name='ocr-capabilities' content='ocr_page ocr_carea ocr_par ocr_line ocrx_word'/>
</head>
<body>
  <div class='ocr_page' id='page_1' title='image "./qvintilianiqvae00quingoog_0409.png"; bbox 0 0 2430 3952; ppageno 0'>
   <div class='ocr_carea' id='block_1_1' title="bbox 451 226 1110 294">
    <p class='ocr_par' dir='ltr' id='par_1_1' title="bbox 451 226 1110 294">
     <span class='ocr_line' id='line_1_1' title="bbox 451 226 1110 294; baseline -0.006 -13"><span class='ocrx_word' id='word_1_1' title='bbox 451 226 687 281; x_wconf 78' lang='lat' dir='ltr'><strong>DECLAMATIO</strong></span> <span class='ocrx_word' id='word_1_2' title='bbox 705 227 751 281; x_wconf 90' lang='lat' dir='ltr'>IX.</span> <span class='ocrx_word' id='word_1_3' title='bbox 1044 226 1110 294; x_wconf 78' lang='grc'>369</span> 
     </span>
    </p>
   </div>
   <div class='ocr_carea' id='block_1_2' title="bbox 472 434 738 508">
    <p class='ocr_par' dir='ltr' id='par_1_2' title="bbox 472 434 738 508">
     <span class='ocr_line' id='line_1_2' title="bbox 472 434 738 508; baseline 0.004 -1"><span class='ocrx_word' id='word_1_4' title='bbox 472 449 522 507; x_wconf 89' lang='grc' dir='ltr'>ΙΧ.</span> <span class='ocrx_word' id='word_1_5' title='bbox 547 434 738 508; x_wconf 75' lang='lat' dir='ltr'>Gnnnmron.</span> 
     </span>
    </p>
   </div>
   <div class='ocr_carea' id='block_1_3' title="bbox 162 530 614 648">
    <p class='ocr_par' dir='ltr' id='par_1_3' title="bbox 162 530 614 648">
     <span class='ocr_line' id='line_1_3' title="bbox 162 530 614 648; baseline -0.002 -16"><span class='ocrx_word' id='word_1_6' title='bbox 162 530 376 648; x_wconf 67' lang='lat' dir='ltr'>Arpucncutwm</span> <span class='ocrx_word' id='word_1_7' title='bbox 398 591 424 631; x_wconf 87' lang='lat' dir='ltr'>c.</span> <span class='ocrx_word' id='word_1_8' title='bbox 438 591 471 647; x_wconf 77' lang='lat' dir='ltr'>p.</span> <span class='ocrx_word' id='word_1_9' title='bbox 492 576 565 642; x_wconf 83' lang='lat'>167,</span> <span class='ocrx_word' id='word_1_10' title='bbox 586 575 614 631; x_wconf 88' lang='lat'>3.</span> 
     </span>
    </p>
   </div>
   <div class='ocr_carea' id='block_1_4' title="bbox 15 661 1157 3498">
    <p class='ocr_par' dir='ltr' id='par_1_4' title="bbox 162 661 1118 745">
     <span class='ocr_line' id='line_1_4' title="bbox 162 661 1118 745; baseline 0.005 -25"><span class='ocrx_word' id='word_1_11' title='bbox 162 661 246 721; x_wconf 86' lang='lat' dir='ltr'>Inter</span> <span class='ocrx_word' id='word_1_12' title='bbox 266 664 314 722; x_wconf 92' lang='lat' dir='ltr'>tot</span> <span class='ocrx_word' id='word_1_13' title='bbox 330 662 463 738; x_wconf 83' lang='lat' dir='ltr'>pericula</span> <span class='ocrx_word' id='word_1_14' title='bbox 483 681 633 738; x_wconf 82' lang='lat' dir='ltr'>perpessa,</span> <span class='ocrx_word' id='word_1_15' title='bbox 656 680 683 722; x_wconf 52' lang='lat' dir='ltr'>o,</span> <span class='ocrx_word' id='word_1_16' title='bbox 695 661 816 736; x_wconf 88' lang='lat' dir='ltr'>iudices,</span> <span class='ocrx_word' id='word_1_17' title='bbox 840 664 937 722; x_wconf 86' lang='lat' dir='ltr'>certus</span> <span class='ocrx_word' id='word_1_18' title='bbox 958 662 1118 745; x_wconf 55' lang='lat' dir='ltr'>credebam¹</span> 
     </span>
    </p>

    <p class='ocr_par' dir='ltr' id='par_1_5' title="bbox 71 750 1157 1184">
     <span class='ocr_line' id='line_1_5' title="bbox 72 750 1113 827; baseline 0 -17"><span class='ocrx_word' id='word_1_19' title='bbox 72 792 74 798; x_wconf 86' lang='lat'><em>·</em></span> <span class='ocrx_word' id='word_1_20' title='bbox 98 769 169 826; x_wconf 89' lang='lat' dir='ltr'>esse,</span> <span class='ocrx_word' id='word_1_21' title='bbox 193 751 272 826; x_wconf 92' lang='lat' dir='ltr'>quod</span> <span class='ocrx_word' id='word_1_22' title='bbox 293 753 364 827; x_wconf 89' lang='lat' dir='ltr'>post</span> <span class='ocrx_word' id='word_1_23' title='bbox 385 752 572 826; x_wconf 86' lang='lat' dir='ltr'>redemptum</span> <span class='ocrx_word' id='word_1_24' title='bbox 593 770 647 827; x_wconf 91' lang='lat' dir='ltr'>per</span> <span class='ocrx_word' id='word_1_25' title='bbox 670 752 782 811; x_wconf 85' lang='lat' dir='ltr'>alienas</span> <span class='ocrx_word' id='word_1_26' title='bbox 807 770 912 812; x_wconf 84' lang='lat' dir='ltr'>manus</span> <span class='ocrx_word' id='word_1_27' title='bbox 935 750 1033 813; x_wconf 89' lang='lat' dir='ltr'>filium</span> <span class='ocrx_word' id='word_1_28' title='bbox 1053 771 1113 811; x_wconf 93' lang='lat' dir='ltr'>non</span> 
     </span>
     <span class='ocr_line' id='line_1_6' title="bbox 71 839 1114 916; baseline 0 -18"><span class='ocrx_word' id='word_1_29' title='bbox 71 839 267 915; x_wconf 78' lang='lat' dir='ltr'>5displioeret</span> <span class='ocrx_word' id='word_1_30' title='bbox 292 841 374 916; x_wconf 88' lang='lat' dir='ltr'>patri</span> <span class='ocrx_word' id='word_1_31' title='bbox 400 860 465 899; x_wconf 89' lang='lat' dir='ltr'>meo</span> <span class='ocrx_word' id='word_1_32' title='bbox 493 841 709 914; x_wconf 76' lang='lat' dir='ltr'>misericordia,</span> <span class='ocrx_word' id='word_1_33' title='bbox 734 841 831 899; x_wconf 90' lang='lat' dir='ltr'>solum</span> <span class='ocrx_word' id='word_1_34' title='bbox 863 842 963 899; x_wconf 87' lang='lat' dir='ltr'>autem</span> <span class='ocrx_word' id='word_1_35' title='bbox 990 840 1114 900; x_wconf 86' lang='lat' dir='ltr'>verebar</span> 
     </span>
     <span class='ocr_line' id='line_1_7' title="bbox 97 929 1113 1006; baseline 0 -19"><span class='ocrx_word' id='word_1_36' title='bbox 97 931 159 987; x_wconf 92' lang='lat' dir='ltr'>iam</span> <span class='ocrx_word' id='word_1_37' title='bbox 181 948 240 988; x_wconf 89' lang='lat' dir='ltr'>non</span> <span class='ocrx_word' id='word_1_38' title='bbox 263 930 372 989; x_wconf 85' lang='lat' dir='ltr'>tacitas</span> <span class='ocrx_word' id='word_1_39' title='bbox 394 930 480 1006; x_wconf 85' lang='lat' dir='ltr'>vulgi</span> <span class='ocrx_word' id='word_1_40' title='bbox 507 931 660 1005; x_wconf 78' lang='lat' dir='ltr'>opiniones</span> <span class='ocrx_word' id='word_1_41' title='bbox 684 929 790 1005; x_wconf 92' lang='lat' dir='ltr'>quibus</span> <span class='ocrx_word' id='word_1_42' title='bbox 814 929 999 989; x_wconf 72' lang='lat' dir='ltr'>crudelitatis</span> <span class='ocrx_word' id='word_1_43' title='bbox 1024 931 1113 1006; x_wconf 81' lang='lat' dir='ltr'>utque</span> 
     </span>
     <span class='ocr_line' id='line_1_8' title="bbox 98 1017 1114 1096; baseline 0 -20"><span class='ocrx_word' id='word_1_44' title='bbox 98 1017 241 1077; x_wconf 84' lang='lat' dir='ltr'>saevitiae</span> <span class='ocrx_word' id='word_1_45' title='bbox 270 1036 338 1076; x_wconf 90' lang='lat' dir='ltr'>reus</span> <span class='ocrx_word' id='word_1_46' title='bbox 367 1037 503 1096; x_wconf 84' lang='lat' dir='ltr'>peragor.</span> <span class='ocrx_word' id='word_1_47' title='bbox 552 1018 632 1094; x_wconf 88' lang='lat' dir='ltr'>apud</span> <span class='ocrx_word' id='word_1_48' title='bbox 660 1018 753 1078; x_wconf 89' lang='lat' dir='ltr'>bonos</span> <span class='ocrx_word' id='word_1_49' title='bbox 783 1021 814 1077; x_wconf 92' lang='lat' dir='ltr'>et</span> <span class='ocrx_word' id='word_1_50' title='bbox 843 1037 948 1096; x_wconf 83' lang='lat' dir='ltr'>graves</span> <span class='ocrx_word' id='word_1_51' title='bbox 976 1036 1114 1078; x_wconf 84' lang='lat' dir='ltr'>excusare</span> 
     </span>
     <span class='ocr_line' id='line_1_9' title="bbox 98 1106 1157 1184; baseline 0.002 -20"><span class='ocrx_word' id='word_1_52' title='bbox 98 1126 158 1165; x_wconf 90' lang='lat' dir='ltr'>non</span> <span class='ocrx_word' id='word_1_53' title='bbox 180 1125 314 1184; x_wconf 89' lang='lat' dir='ltr'>possum,</span> <span class='ocrx_word' id='word_1_54' title='bbox 341 1107 416 1183; x_wconf 91' lang='lat' dir='ltr'>qnin</span> <span class='ocrx_word' id='word_1_55' title='bbox 436 1108 607 1182; x_wconf 89' lang='lat' dir='ltr'>redemptus</span> <span class='ocrx_word' id='word_1_56' title='bbox 631 1109 694 1167; x_wconf 83' lang='lat' dir='ltr'>sim.</span> <span class='ocrx_word' id='word_1_57' title='bbox 737 1106 865 1166; x_wconf 88' lang='lat' dir='ltr'>obicitur</span> <span class='ocrx_word' id='word_1_58' title='bbox 891 1107 965 1165; x_wconf 90' lang='lat' dir='ltr'>mihi</span> <span class='ocrx_word' id='word_1_59' title='bbox 993 1107 1115 1166; x_wconf 88' lang='lat' dir='ltr'>orbatus</span> <span class='ocrx_word' id='word_1_60' title='bbox 1148 1168 1157 1178; x_wconf 11' lang='grc' dir='ltr'>ἢ</span> 
     </span>
    </p>

    <p class='ocr_par' dir='ltr' id='par_1_6' title="bbox 56 1195 1117 1628">
     <span class='ocr_line' id='line_1_10' title="bbox 56 1195 1115 1272; baseline 0.005 -22"><span class='ocrx_word' id='word_1_61' title='bbox 56 1234 60 1250; x_wconf 84' lang='grc'>-.</span> <span class='ocrx_word' id='word_1_62' title='bbox 99 1215 187 1255; x_wconf 81' lang='lat' dir='ltr'>senex</span> <span class='ocrx_word' id='word_1_63' title='bbox 209 1197 270 1271; x_wconf 92' lang='lat' dir='ltr'>qui,</span> <span class='ocrx_word' id='word_1_64' title='bbox 294 1214 361 1254; x_wconf 91' lang='lat' dir='ltr'>cum</span> <span class='ocrx_word' id='word_1_65' title='bbox 384 1195 507 1254; x_wconf 84' lang='lat' dir='ltr'>baberet</span> <span class='ocrx_word' id='word_1_66' title='bbox 528 1196 637 1269; x_wconf 90' lang='lat' dir='ltr'>filium,</span> <span class='ocrx_word' id='word_1_67' title='bbox 660 1199 764 1255; x_wconf 88' lang='lat' dir='ltr'>contra</span> <span class='ocrx_word' id='word_1_68' title='bbox 787 1197 912 1255; x_wconf 81' lang='lat' dir='ltr'>divitem</span> <span class='ocrx_word' id='word_1_69' title='bbox 934 1196 1036 1272; x_wconf 84' lang='lat' dir='ltr'>stabat</span> <span class='ocrx_word' id='word_1_70' title='bbox 1061 1215 1115 1255; x_wconf 91' lang='lat' dir='ltr'>nec</span> 
     </span>
     <span class='ocr_line' id='line_1_11' title="bbox 57 1285 1116 1361; baseline -0.001 -17"><span class='ocrx_word' id='word_1_71' title='bbox 57 1313 84 1352; x_wconf 83' lang='lat'>10</span> <span class='ocrx_word' id='word_1_72' title='bbox 99 1285 220 1344; x_wconf 89' lang='lat' dir='ltr'>orbatus</span> <span class='ocrx_word' id='word_1_73' title='bbox 243 1287 274 1343; x_wconf 93' lang='lat' dir='ltr'>et</span> <span class='ocrx_word' id='word_1_74' title='bbox 296 1287 328 1343; x_wconf 91' lang='lat' dir='ltr'>in</span> <span class='ocrx_word' id='word_1_75' title='bbox 346 1303 406 1343; x_wconf 93' lang='lat' dir='ltr'>uno</span> <span class='ocrx_word' id='word_1_76' title='bbox 424 1285 532 1344; x_wconf 86' lang='lat' dir='ltr'>iuvene</span> <span class='ocrx_word' id='word_1_77' title='bbox 550 1285 634 1344; x_wconf 86' lang='lat' dir='ltr'>bonis</span> <span class='ocrx_word' id='word_1_78' title='bbox 658 1285 794 1344; x_wconf 92' lang='lat' dir='ltr'>omnibus</span> <span class='ocrx_word' id='word_1_79' title='bbox 811 1286 969 1360; x_wconf 88' lang='lat' dir='ltr'>penatibus</span> <span class='ocrx_word' id='word_1_80' title='bbox 991 1286 1116 1361; x_wconf 82' lang='lat' dir='ltr'>supplex</span> 
     </span>
     <span class='ocr_line' id='line_1_12' title="bbox 99 1372 1116 1451; baseline 0.001 -19"><span class='ocrx_word' id='word_1_81' title='bbox 99 1375 144 1432; x_wconf 88' lang='lat' dir='ltr'>est</span> <span class='ocrx_word' id='word_1_82' title='bbox 165 1375 303 1432; x_wconf 88' lang='lat' dir='ltr'>inimicae</span> <span class='ocrx_word' id='word_1_83' title='bbox 326 1374 438 1433; x_wconf 86' lang='lat' dir='ltr'>domne.</span> <span class='ocrx_word' id='word_1_84' title='bbox 479 1373 546 1449; x_wconf 87' lang='lat' dir='ltr'>plue</span> <span class='ocrx_word' id='word_1_85' title='bbox 570 1392 639 1451; x_wconf 83' lang='lat' dir='ltr'>ergo</span> <span class='ocrx_word' id='word_1_86' title='bbox 663 1372 720 1432; x_wconf 90' lang='lat' dir='ltr'>sibi</span> <span class='ocrx_word' id='word_1_87' title='bbox 737 1376 890 1433; x_wconf 77' lang='lat' dir='ltr'>nocuimus</span> <span class='ocrx_word' id='word_1_88' title='bbox 914 1375 1003 1433; x_wconf 89' lang='lat' dir='ltr'>amici</span> <span class='ocrx_word' id='word_1_89' title='bbox 1026 1392 1116 1451; x_wconf 85' lang='lat' dir='ltr'>quam</span> 
     </span>
     <span class='ocr_line' id='line_1_13' title="bbox 99 1463 1116 1539; baseline 0.001 -17"><span class='ocrx_word' id='word_1_90' title='bbox 99 1464 227 1537; x_wconf 89' lang='lat' dir='ltr'>inimici,</span> <span class='ocrx_word' id='word_1_91' title='bbox 256 1481 437 1539; x_wconf 87' lang='lat' dir='ltr'>quamquam</span> <span class='ocrx_word' id='word_1_92' title='bbox 466 1464 496 1521; x_wconf 92' lang='lat' dir='ltr'>et</span> <span class='ocrx_word' id='word_1_93' title='bbox 526 1463 584 1522; x_wconf 88' lang='lat' dir='ltr'>sibi</span> <span class='ocrx_word' id='word_1_94' title='bbox 612 1463 691 1521; x_wconf 86' lang='lat' dir='ltr'>bona</span> <span class='ocrx_word' id='word_1_95' title='bbox 720 1463 820 1521; x_wconf 86' lang='lat' dir='ltr'>omnia</span> <span class='ocrx_word' id='word_1_96' title='bbox 850 1483 926 1539; x_wconf 86' lang='lat' dir='ltr'>quae</span> <span class='ocrx_word' id='word_1_97' title='bbox 955 1482 1116 1539; x_wconf 71' lang='lat' dir='ltr'>possemus</span> 
     </span>
     <span class='ocr_line' id='line_1_14' title="bbox 100 1551 1117 1628; baseline 0.001 -19"><span class='ocrx_word' id='word_1_98' title='bbox 100 1553 270 1611; x_wconf 84' lang='lat' dir='ltr'>faceremus.</span> <span class='ocrx_word' id='word_1_99' title='bbox 313 1551 392 1627; x_wconf 92' lang='lat' dir='ltr'>quod</span> <span class='ocrx_word' id='word_1_100' title='bbox 425 1552 504 1610; x_wconf 92' lang='lat' dir='ltr'>enim</span> <span class='ocrx_word' id='word_1_101' title='bbox 535 1551 709 1611; x_wconf 91' lang='lat' dir='ltr'>beneficium</span> <span class='ocrx_word' id='word_1_102' title='bbox 741 1554 786 1610; x_wconf 89' lang='lat' dir='ltr'>est</span> <span class='ocrx_word' id='word_1_103' title='bbox 813 1551 941 1628; x_wconf 90' lang='lat' dir='ltr'>efficere,</span> <span class='ocrx_word' id='word_1_104' title='bbox 968 1554 1004 1610; x_wconf 90' lang='lat' dir='ltr'>nt</span> <span class='ocrx_word' id='word_1_105' title='bbox 1032 1554 1117 1613; x_wconf 86' lang='lat' dir='ltr'>vivat</span> 
     </span>
    </p>

    <p class='ocr_par' dir='ltr' id='par_1_7' title="bbox 56 1641 1119 2073">
     <span class='ocr_line' id='line_1_15' title="bbox 56 1641 1118 1702; baseline 0.004 -6"><span class='ocrx_word' id='word_1_106' title='bbox 56 1679 63 1696; x_wconf 79' lang='grc'>..</span> <span class='ocrx_word' id='word_1_107' title='bbox 100 1641 197 1700; x_wconf 90' lang='lat' dir='ltr'>orbus.</span> <span class='ocrx_word' id='word_1_108' title='bbox 238 1659 316 1699; x_wconf 91' lang='lat' dir='ltr'>nunc</span> <span class='ocrx_word' id='word_1_109' title='bbox 346 1642 447 1698; x_wconf 90' lang='lat' dir='ltr'>antem</span> <span class='ocrx_word' id='word_1_110' title='bbox 473 1659 541 1698; x_wconf 90' lang='lat' dir='ltr'>eum</span> <span class='ocrx_word' id='word_1_111' title='bbox 570 1641 629 1699; x_wconf 91' lang='lat' dir='ltr'>nisi</span> <span class='ocrx_word' id='word_1_112' title='bbox 658 1642 826 1700; x_wconf 86' lang='lat' dir='ltr'>sustentare</span> <span class='ocrx_word' id='word_1_113' title='bbox 853 1659 912 1699; x_wconf 94' lang='lat' dir='ltr'>non</span> <span class='ocrx_word' id='word_1_114' title='bbox 939 1641 1017 1702; x_wconf 89' lang='lat' dir='ltr'>licet.</span> <span class='ocrx_word' id='word_1_115' title='bbox 1070 1641 1118 1701; x_wconf 89' lang='lat' dir='ltr'>dic</span> 
     </span>
     <span class='ocr_line' id='line_1_16' title="bbox 56 1729 1117 1805; baseline 0.002 -19"><span class='ocrx_word' id='word_1_116' title='bbox 56 1757 85 1797; x_wconf 80' lang='lat'>15</span> <span class='ocrx_word' id='word_1_117' title='bbox 99 1731 186 1804; x_wconf 91' lang='lat' dir='ltr'>pater</span> <span class='ocrx_word' id='word_1_118' title='bbox 207 1729 352 1804; x_wconf 91' lang='lat' dir='ltr'>numquid</span> <span class='ocrx_word' id='word_1_119' title='bbox 376 1749 436 1804; x_wconf 91' lang='lat' dir='ltr'>me,</span> <span class='ocrx_word' id='word_1_120' title='bbox 464 1729 559 1787; x_wconf 89' lang='lat' dir='ltr'>filium</span> <span class='ocrx_word' id='word_1_121' title='bbox 585 1732 671 1788; x_wconf 88' lang='lat' dir='ltr'>tuum</span> <span class='ocrx_word' id='word_1_122' title='bbox 698 1729 751 1805; x_wconf 91' lang='lat' dir='ltr'>qui</span> <span class='ocrx_word' id='word_1_123' title='bbox 777 1748 930 1805; x_wconf 87' lang='lat' dir='ltr'>nunquam</span> <span class='ocrx_word' id='word_1_124' title='bbox 957 1732 1061 1790; x_wconf 88' lang='lat' dir='ltr'>contra</span> <span class='ocrx_word' id='word_1_125' title='bbox 1086 1732 1117 1788; x_wconf 92' lang='lat' dir='ltr'>te</span> 
     </span>
     <span class='ocr_line' id='line_1_17' title="bbox 99 1818 1118 1897; baseline 0.001 -21"><span class='ocrx_word' id='word_1_126' title='bbox 99 1819 232 1895; x_wconf 84' lang='lat' dir='ltr'>peccavi,</span> <span class='ocrx_word' id='word_1_127' title='bbox 258 1818 405 1893; x_wconf 26' lang='lat' dir='ltr'>,redimere</span> <span class='ocrx_word' id='word_1_128' title='bbox 433 1818 575 1877; x_wconf 78' lang='lat' dir='ltr'>debueras</span> <span class='ocrx_word' id='word_1_129' title='bbox 605 1822 733 1894; x_wconf 82' lang='lat' dir='ltr'>captum.</span> <span class='ocrx_word' id='word_1_130' title='bbox 776 1819 857 1878; x_wconf 89' lang='lat' dir='ltr'>solve</span> <span class='ocrx_word' id='word_1_131' title='bbox 887 1838 957 1897; x_wconf 86' lang='lat' dir='ltr'>ergo</span> <span class='ocrx_word' id='word_1_132' title='bbox 987 1820 1118 1894; x_wconf 92' lang='lat' dir='ltr'>pretium</span> 
     </span>
     <span class='ocr_line' id='line_1_18' title="bbox 98 1907 1119 1986; baseline 0 -20"><span class='ocrx_word' id='word_1_133' title='bbox 98 1907 311 1983; x_wconf 70' lang='lat' dir='ltr'>redemptionis</span> <span class='ocrx_word' id='word_1_134' title='bbox 334 1925 425 1985; x_wconf 77' lang='lat' dir='ltr'>meae.</span> <span class='ocrx_word' id='word_1_135' title='bbox 467 1909 493 1966; x_wconf 89' lang='lat' dir='ltr'>si</span> <span class='ocrx_word' id='word_1_136' title='bbox 520 1915 621 1966; x_wconf 89' lang='lat' dir='ltr'>autem</span> <span class='ocrx_word' id='word_1_137' title='bbox 647 1910 798 1983; x_wconf 86' lang='lat' dir='ltr'>porrectos</span> <span class='ocrx_word' id='word_1_138' title='bbox 826 1907 926 1986; x_wconf 82' lang='lat' dir='ltr'>egenti</span> <span class='ocrx_word' id='word_1_139' title='bbox 949 1908 1029 1967; x_wconf 92' lang='lat' dir='ltr'>cibos</span> <span class='ocrx_word' id='word_1_140' title='bbox 1051 1920 1119 1966; x_wconf 88' lang='lat' dir='ltr'>mea</span> 
     </span>
     <span class='ocr_line' id='line_1_19' title="bbox 99 1995 1119 2073; baseline 0.001 -19"><span class='ocrx_word' id='word_1_141' title='bbox 99 1997 178 2055; x_wconf 84' lang='lat' dir='ltr'>fame</span> <span class='ocrx_word' id='word_1_142' title='bbox 195 1996 351 2072; x_wconf 82' lang='lat' dir='ltr'>repandus,</span> <span class='ocrx_word' id='word_1_143' title='bbox 375 1997 530 2073; x_wconf 88' lang='lat' dir='ltr'>expulsum</span> <span class='ocrx_word' id='word_1_144' title='bbox 553 1996 590 2055; x_wconf 85' lang='lat' dir='ltr'>ab</span> <span class='ocrx_word' id='word_1_145' title='bbox 610 1995 745 2055; x_wconf 91' lang='lat' dir='ltr'>omnibus</span> <span class='ocrx_word' id='word_1_146' title='bbox 768 1996 854 2057; x_wconf 87' lang='lat' dir='ltr'>bonis</span> <span class='ocrx_word' id='word_1_147' title='bbox 876 1996 972 2056; x_wconf 93' lang='lat' dir='ltr'>filium</span> <span class='ocrx_word' id='word_1_148' title='bbox 990 1996 1119 2056; x_wconf 87' lang='lat' dir='ltr'>similem</span> 
     </span>
    </p>

    <p class='ocr_par' dir='ltr' id='par_1_8' title="bbox 57 2085 1120 2518">
     <span class='ocr_line' id='line_1_20' title="bbox 57 2085 1119 2162; baseline 0.001 -19"><span class='ocrx_word' id='word_1_149' title='bbox 57 2115 60 2132; x_wconf 87' lang='lat'><strong>·</strong></span> <span class='ocrx_word' id='word_1_150' title='bbox 99 2087 190 2145; x_wconf 87' lang='lat' dir='ltr'>facies</span> <span class='ocrx_word' id='word_1_151' title='bbox 212 2086 342 2144; x_wconf 90' lang='lat' dir='ltr'>inimico.</span> <span class='ocrx_word' id='word_1_152' title='bbox 384 2088 487 2161; x_wconf 85' lang='lat' dir='ltr'>eaptus</span> <span class='ocrx_word' id='word_1_153' title='bbox 507 2105 525 2144; x_wconf 86' lang='lat' dir='ltr'>c</span> <span class='ocrx_word' id='word_1_154' title='bbox 543 2086 650 2161; x_wconf 84' lang='lat' dir='ltr'>piratis</span> <span class='ocrx_word' id='word_1_155' title='bbox 673 2085 730 2145; x_wconf 91' lang='lat' dir='ltr'>soli</span> <span class='ocrx_word' id='word_1_156' title='bbox 748 2087 912 2161; x_wconf 81' lang='lat' dir='ltr'>putrimeo</span> <span class='ocrx_word' id='word_1_157' title='bbox 931 2087 967 2145; x_wconf 93' lang='lat' dir='ltr'>de</span> <span class='ocrx_word' id='word_1_158' title='bbox 985 2086 1119 2162; x_wconf 89' lang='lat' dir='ltr'>redemp-</span> 
     </span>
     <span class='ocr_line' id='line_1_21' title="bbox 58 2175 1118 2251; baseline 0 -17"><span class='ocrx_word' id='word_1_159' title='bbox 58 2203 86 2243; x_wconf 77' lang='lat'>20</span> <span class='ocrx_word' id='word_1_160' title='bbox 100 2175 181 2234; x_wconf 89' lang='lat' dir='ltr'>tione</span> <span class='ocrx_word' id='word_1_161' title='bbox 203 2193 270 2234; x_wconf 84' lang='lat' dir='ltr'>mea</span> <span class='ocrx_word' id='word_1_162' title='bbox 293 2175 399 2250; x_wconf 88' lang='lat' dir='ltr'>scripsi</span> <span class='ocrx_word' id='word_1_163' title='bbox 421 2195 510 2251; x_wconf 91' lang='lat' dir='ltr'>quem</span> <span class='ocrx_word' id='word_1_164' title='bbox 528 2175 658 2234; x_wconf 83' lang='lat' dir='ltr'>sciebam</span> <span class='ocrx_word' id='word_1_165' title='bbox 680 2194 766 2250; x_wconf 85' lang='lat' dir='ltr'>posse</span> <span class='ocrx_word' id='word_1_166' title='bbox 790 2177 819 2234; x_wconf 92' lang='lat' dir='ltr'>et</span> <span class='ocrx_word' id='word_1_167' title='bbox 837 2175 943 2235; x_wconf 90' lang='lat' dir='ltr'>debere</span> <span class='ocrx_word' id='word_1_168' title='bbox 965 2175 1118 2235; x_wconf 90' lang='lat' dir='ltr'>redimere.</span> 
     </span>
     <span class='ocr_line' id='line_1_22' title="bbox 101 2263 1119 2340; baseline 0.001 -18"><span class='ocrx_word' id='word_1_169' title='bbox 101 2266 196 2322; x_wconf 89' lang='lat' dir='ltr'>amico</span> <span class='ocrx_word' id='word_1_170' title='bbox 219 2283 285 2323; x_wconf 91' lang='lat' dir='ltr'>meo</span> <span class='ocrx_word' id='word_1_171' title='bbox 309 2264 439 2339; x_wconf 74' lang='lat' dir='ltr'>qualiter</span> <span class='ocrx_word' id='word_1_172' title='bbox 457 2263 639 2340; x_wconf 76' lang='lat' dir='ltr'>scripsissem</span> <span class='ocrx_word' id='word_1_173' title='bbox 663 2283 751 2339; x_wconf 91' lang='lat' dir='ltr'>quem</span> <span class='ocrx_word' id='word_1_174' title='bbox 769 2263 898 2323; x_wconf 87' lang='lat' dir='ltr'>sciebam</span> <span class='ocrx_word' id='word_1_175' title='bbox 920 2284 980 2322; x_wconf 92' lang='lat' dir='ltr'>non</span> <span class='ocrx_word' id='word_1_176' title='bbox 1002 2264 1119 2339; x_wconf 89' lang='lat' dir='ltr'>babere,</span> 
     </span>
     <span class='ocr_line' id='line_1_23' title="bbox 101 2352 1119 2434; baseline 0 -24"><span class='ocrx_word' id='word_1_177' title='bbox 101 2352 179 2411; x_wconf 91' lang='lat' dir='ltr'>unde</span> <span class='ocrx_word' id='word_1_178' title='bbox 208 2353 374 2412; x_wconf 87' lang='lat' dir='ltr'>redimeret.</span> <span class='ocrx_word' id='word_1_179' title='bbox 426 2355 491 2429; x_wconf 86' lang='lat' dir='ltr'>ipse</span> <span class='ocrx_word' id='word_1_180' title='bbox 519 2355 621 2434; x_wconf 84' lang='lat' dir='ltr'>tamen</span> <span class='ocrx_word' id='word_1_181' title='bbox 649 2371 718 2411; x_wconf 87' lang='lat' dir='ltr'>mox</span> <span class='ocrx_word' id='word_1_182' title='bbox 747 2354 898 2428; x_wconf 88' lang='lat' dir='ltr'>profectus</span> <span class='ocrx_word' id='word_1_183' title='bbox 929 2356 974 2412; x_wconf 89' lang='lat' dir='ltr'>est</span> <span class='ocrx_word' id='word_1_184' title='bbox 1004 2353 1042 2411; x_wconf 83' lang='lat' dir='ltr'>ad</span> <span class='ocrx_word' id='word_1_185' title='bbox 1072 2373 1119 2411; x_wconf 92' lang='lat' dir='ltr'>me</span> 
     </span>
     <span class='ocr_line' id='line_1_24' title="bbox 100 2441 1120 2518; baseline 0.001 -20"><span class='ocrx_word' id='word_1_186' title='bbox 100 2441 306 2500; x_wconf 89' lang='lat' dir='ltr'>redimendum</span> <span class='ocrx_word' id='word_1_187' title='bbox 323 2444 409 2518; x_wconf 87' lang='lat' dir='ltr'>patre</span> <span class='ocrx_word' id='word_1_188' title='bbox 428 2461 481 2501; x_wconf 88' lang='lat' dir='ltr'>sno</span> <span class='ocrx_word' id='word_1_189' title='bbox 499 2459 559 2502; x_wconf 94' lang='lat' dir='ltr'>non</span> <span class='ocrx_word' id='word_1_190' title='bbox 576 2442 752 2518; x_wconf 90' lang='lat' dir='ltr'>prohibente</span> <span class='ocrx_word' id='word_1_191' title='bbox 771 2442 822 2500; x_wconf 87' lang='lat' dir='ltr'>sed</span> <span class='ocrx_word' id='word_1_192' title='bbox 839 2461 935 2500; x_wconf 89' lang='lat' dir='ltr'>annue</span> <span class='ocrx_word' id='word_1_193' title='bbox 957 2444 995 2501; x_wconf 92' lang='lat' dir='ltr'>te.</span> <span class='ocrx_word' id='word_1_194' title='bbox 1038 2443 1120 2518; x_wconf 72' lang='lat' dir='ltr'>quic—</span> 
     </span>
    </p>

    <p class='ocr_par' dir='ltr' id='par_1_9' title="bbox 59 2529 1121 2961">
     <span class='ocr_line' id='line_1_25' title="bbox 59 2529 1121 2608; baseline 0.001 -21"><span class='ocrx_word' id='word_1_195' title='bbox 59 2574 62 2587; x_wconf 57' lang='lat'>,</span> <span class='ocrx_word' id='word_1_196' title='bbox 103 2529 175 2605; x_wconf 89' lang='lat' dir='ltr'>quid</span> <span class='ocrx_word' id='word_1_197' title='bbox 193 2531 219 2588; x_wconf 89' lang='lat' dir='ltr'>si</span> <span class='ocrx_word' id='word_1_198' title='bbox 235 2531 268 2587; x_wconf 93' lang='lat' dir='ltr'>in</span> <span class='ocrx_word' id='word_1_199' title='bbox 287 2530 418 2608; x_wconf 85' lang='lat' dir='ltr'>subsidia</span> <span class='ocrx_word' id='word_1_200' title='bbox 436 2531 516 2590; x_wconf 80' lang='lat' dir='ltr'>vitae</span> <span class='ocrx_word' id='word_1_201' title='bbox 535 2532 707 2607; x_wconf 84' lang='lat' dir='ltr'>seposuerct</span> <span class='ocrx_word' id='word_1_202' title='bbox 724 2549 815 2607; x_wconf 85' lang='lat' dir='ltr'>parca</span> <span class='ocrx_word' id='word_1_203' title='bbox 833 2531 1001 2608; x_wconf 84' lang='lat' dir='ltr'>frugalitas,</span> <span class='ocrx_word' id='word_1_204' title='bbox 1021 2532 1121 2588; x_wconf 90' lang='lat' dir='ltr'>totum</span> 
     </span>
     <span class='ocr_line' id='line_1_26' title="bbox 60 2620 1120 2696; baseline 0 -18"><span class='ocrx_word' id='word_1_205' title='bbox 60 2648 87 2688; x_wconf 76' lang='lat'>25</span> <span class='ocrx_word' id='word_1_206' title='bbox 101 2622 134 2678; x_wconf 92' lang='lat' dir='ltr'>in</span> <span class='ocrx_word' id='word_1_207' title='bbox 156 2620 305 2694; x_wconf 80' lang='lat' dir='ltr'>impensas</span> <span class='ocrx_word' id='word_1_208' title='bbox 333 2620 449 2678; x_wconf 88' lang='lat' dir='ltr'>itineris</span> <span class='ocrx_word' id='word_1_209' title='bbox 480 2620 607 2679; x_wconf 88' lang='lat' dir='ltr'>contulit</span> <span class='ocrx_word' id='word_1_210' title='bbox 630 2621 665 2678; x_wconf 87' lang='lat' dir='ltr'>ei.</span> <span class='ocrx_word' id='word_1_211' title='bbox 712 2620 817 2678; x_wconf 83' lang='lat' dir='ltr'>infelix</span> <span class='ocrx_word' id='word_1_212' title='bbox 840 2639 941 2694; x_wconf 87' lang='lat' dir='ltr'>senex,</span> <span class='ocrx_word' id='word_1_213' title='bbox 969 2620 1010 2678; x_wconf 88' lang='lat' dir='ltr'>sic</span> <span class='ocrx_word' id='word_1_214' title='bbox 1034 2638 1120 2696; x_wconf 83' lang='lat' dir='ltr'>egere</span> 
     </span>
     <span class='ocr_line' id='line_1_27' title="bbox 102 2706 1121 2784; baseline -0.002 -16"><span class='ocrx_word' id='word_1_215' title='bbox 102 2706 233 2784; x_wconf 90' lang='lat' dir='ltr'>coepisti.</span> <span class='ocrx_word' id='word_1_216' title='bbox 274 2707 424 2782; x_wconf 87' lang='lat' dir='ltr'>profectus</span> <span class='ocrx_word' id='word_1_217' title='bbox 455 2709 566 2767; x_wconf 87' lang='lat' dir='ltr'>amicus</span> <span class='ocrx_word' id='word_1_218' title='bbox 589 2707 727 2768; x_wconf 89' lang='lat' dir='ltr'>fiuctibus</span> <span class='ocrx_word' id='word_1_219' title='bbox 756 2710 786 2766; x_wconf 92' lang='lat' dir='ltr'>et</span> <span class='ocrx_word' id='word_1_220' title='bbox 808 2710 899 2767; x_wconf 86' lang='lat' dir='ltr'>maris</span> <span class='ocrx_word' id='word_1_221' title='bbox 927 2708 1067 2784; x_wconf 84' lang='lat' dir='ltr'>periculis</span> <span class='ocrx_word' id='word_1_222' title='bbox 1090 2726 1121 2766; x_wconf 88' lang='lat' dir='ltr'>se</span> 
     </span>
     <span class='ocr_line' id='line_1_28' title="bbox 102 2797 1121 2873; baseline -0.002 -16"><span class='ocrx_word' id='word_1_223' title='bbox 102 2797 259 2857; x_wconf 84' lang='lat' dir='ltr'>commisit.</span> <span class='ocrx_word' id='word_1_224' title='bbox 299 2815 461 2872; x_wconf 82' lang='lat' dir='ltr'>properans</span> <span class='ocrx_word' id='word_1_225' title='bbox 481 2797 566 2856; x_wconf 86' lang='lat' dir='ltr'>tarde</span> <span class='ocrx_word' id='word_1_226' title='bbox 590 2797 628 2856; x_wconf 85' lang='lat' dir='ltr'>cd</span> <span class='ocrx_word' id='word_1_227' title='bbox 650 2799 764 2873; x_wconf 83' lang='lat' dir='ltr'>piratas</span> <span class='ocrx_word' id='word_1_228' title='bbox 787 2799 878 2855; x_wconf 88' lang='lat' dir='ltr'>venit.</span> <span class='ocrx_word' id='word_1_229' title='bbox 924 2797 993 2855; x_wconf 90' lang='lat' dir='ltr'>hinc</span> <span class='ocrx_word' id='word_1_230' title='bbox 1017 2797 1055 2856; x_wconf 88' lang='lat' dir='ltr'>cd</span> <span class='ocrx_word' id='word_1_231' title='bbox 1077 2797 1121 2855; x_wconf 93' lang='lat' dir='ltr'>lo-</span> 
     </span>
     <span class='ocr_line' id='line_1_29' title="bbox 101 2885 1121 2961; baseline 0 -16"><span class='ocrx_word' id='word_1_232' title='bbox 101 2906 182 2961; x_wconf 89' lang='lat' dir='ltr'>cum,</span> <span class='ocrx_word' id='word_1_233' title='bbox 214 2886 267 2944; x_wconf 91' lang='lat' dir='ltr'>nbi</span> <span class='ocrx_word' id='word_1_234' title='bbox 290 2905 371 2944; x_wconf 87' lang='lat' dir='ltr'>eram</span> <span class='ocrx_word' id='word_1_235' title='bbox 394 2887 526 2944; x_wconf 84' lang='lat' dir='ltr'>armatus</span> <span class='ocrx_word' id='word_1_236' title='bbox 549 2887 581 2944; x_wconf 92' lang='lat' dir='ltr'>in</span> <span class='ocrx_word' id='word_1_237' title='bbox 614 2904 718 2961; x_wconf 89' lang='lat' dir='ltr'>campo</span> <span class='ocrx_word' id='word_1_238' title='bbox 746 2905 814 2944; x_wconf 94' lang='lat' dir='ltr'>cum</span> <span class='ocrx_word' id='word_1_239' title='bbox 843 2887 911 2945; x_wconf 89' lang='lat' dir='ltr'>aliis</span> <span class='ocrx_word' id='word_1_240' title='bbox 944 2885 1121 2945; x_wconf 83' lang='lat' dir='ltr'>adiudicatis</span> 
     </span>
    </p>

    <p class='ocr_par' dir='ltr' id='par_1_10' title="bbox 61 2969 1123 3320">
     <span class='ocr_line' id='line_1_30' title="bbox 61 2969 1120 3054; baseline 0.002 -20"><span class='ocrx_word' id='word_1_241' title='bbox 61 3009 64 3018; x_wconf 90' lang='lat'>·</span> <span class='ocrx_word' id='word_1_242' title='bbox 102 2969 248 3054; x_wconf 86' lang='lat' dir='ltr'>morti[s],</span> <span class='ocrx_word' id='word_1_243' title='bbox 272 2993 397 3050; x_wconf 89' lang='lat' dir='ltr'>cumque</span> <span class='ocrx_word' id='word_1_244' title='bbox 419 2994 552 3053; x_wconf 85' lang='lat' dir='ltr'>pugnare</span> <span class='ocrx_word' id='word_1_245' title='bbox 576 2975 720 3050; x_wconf 85' lang='lat' dir='ltr'>deberem,</span> <span class='ocrx_word' id='word_1_246' title='bbox 744 2975 828 3034; x_wconf 87' lang='lat' dir='ltr'>adest</span> <span class='ocrx_word' id='word_1_247' title='bbox 850 2977 972 3034; x_wconf 89' lang='lat' dir='ltr'>amicus.</span> <span class='ocrx_word' id='word_1_248' title='bbox 1006 2978 1120 3051; x_wconf 87' lang='lat' dir='ltr'>stupeo.</span> 
     </span>
     <span class='ocr_line' id='line_1_31' title="bbox 63 3062 1123 3140; baseline -0.001 -17"><span class='ocrx_word' id='word_1_249' title='bbox 63 3091 90 3131; x_wconf 74' lang='lat'>30</span> <span class='ocrx_word' id='word_1_250' title='bbox 104 3084 151 3123; x_wconf 89' lang='lat' dir='ltr'>me</span> <span class='ocrx_word' id='word_1_251' title='bbox 170 3065 372 3140; x_wconf 88' lang='lat' dir='ltr'>complexatus</span> <span class='ocrx_word' id='word_1_252' title='bbox 391 3064 478 3123; x_wconf 87' lang='lat' dir='ltr'>offert</span> <span class='ocrx_word' id='word_1_253' title='bbox 495 3082 526 3123; x_wconf 89' lang='lat' dir='ltr'>se</span> <span class='ocrx_word' id='word_1_254' title='bbox 543 3066 643 3139; x_wconf 91' lang='lat' dir='ltr'>ipsum</span> <span class='ocrx_word' id='word_1_255' title='bbox 659 3064 878 3139; x_wconf 90' lang='lat' dir='ltr'>redemptorem</span> <span class='ocrx_word' id='word_1_256' title='bbox 894 3084 1000 3122; x_wconf 89' lang='lat' dir='ltr'>meum.</span> <span class='ocrx_word' id='word_1_257' title='bbox 1043 3062 1123 3139; x_wconf 92' lang='lat' dir='ltr'>quod</span> 
     </span>
     <span class='ocr_line' id='line_1_32' title="bbox 105 3152 1123 3236; baseline 0.001 -25"><span class='ocrx_word' id='word_1_258' title='bbox 105 3172 172 3211; x_wconf 90' lang='lat' dir='ltr'>cum</span> <span class='ocrx_word' id='word_1_259' title='bbox 199 3160 351 3230; x_wconf 86' lang='lat' dir='ltr'>negarem,</span> <span class='ocrx_word' id='word_1_260' title='bbox 379 3156 423 3212; x_wconf 86' lang='lat' dir='ltr'>ait</span> <span class='ocrx_word' id='word_1_261' title='bbox 451 3153 530 3229; x_wconf 91' lang='lat' dir='ltr'>quod</span> <span class='ocrx_word' id='word_1_262' title='bbox 556 3154 655 3229; x_wconf 91' lang='lat' dir='ltr'>ipsum</span> <span class='ocrx_word' id='word_1_263' title='bbox 682 3152 822 3212; x_wconf 89' lang='lat' dir='ltr'>haberem</span> <span class='ocrx_word' id='word_1_264' title='bbox 851 3153 955 3213; x_wconf 90' lang='lat' dir='ltr'>mortis</span> <span class='ocrx_word' id='word_1_265' title='bbox 983 3155 1123 3236; x_wconf 88' lang='lat' dir='ltr'>comitem</span> 
     </span>
     <span class='ocr_line' id='line_1_33' title="bbox 104 3241 1122 3320; baseline 0.001 -20"><span class='ocrx_word' id='word_1_266' title='bbox 104 3241 153 3300; x_wconf 86' lang='lat' dir='ltr'>vel</span> <span class='ocrx_word' id='word_1_267' title='bbox 176 3243 328 3300; x_wconf 86' lang='lat' dir='ltr'>vicarium.</span> <span class='ocrx_word' id='word_1_268' title='bbox 374 3243 448 3301; x_wconf 87' lang='lat' dir='ltr'>vicit</span> <span class='ocrx_word' id='word_1_269' title='bbox 471 3261 541 3320; x_wconf 83' lang='lat' dir='ltr'>ergo</span> <span class='ocrx_word' id='word_1_270' title='bbox 561 3244 708 3302; x_wconf 82' lang='lat' dir='ltr'>instantia</span> <span class='ocrx_word' id='word_1_271' title='bbox 731 3245 761 3301; x_wconf 90' lang='lat' dir='ltr'>et</span> <span class='ocrx_word' id='word_1_272' title='bbox 784 3242 869 3301; x_wconf 80' lang='lat' dir='ltr'>duxit</span> <span class='ocrx_word' id='word_1_273' title='bbox 890 3262 938 3301; x_wconf 89' lang='lat' dir='ltr'>me</span> <span class='ocrx_word' id='word_1_274' title='bbox 962 3243 1000 3301; x_wconf 85' lang='lat' dir='ltr'>cd</span> <span class='ocrx_word' id='word_1_275' title='bbox 1020 3262 1122 3301; x_wconf 90' lang='lat' dir='ltr'>mune·</span> 
     </span>
    </p>

    <p class='ocr_par' dir='ltr' id='par_1_11' title="bbox 15 3331 1124 3498">
     <span class='ocr_line' id='line_1_34' title="bbox 15 3331 1121 3406; baseline -0.004 -14"><span class='ocrx_word' id='word_1_276' title='bbox 15 3389 17 3392; x_wconf 83' lang='grc'><strong>,</strong></span> <span class='ocrx_word' id='word_1_277' title='bbox 104 3331 218 3389; x_wconf 88' lang='lat' dir='ltr'>rarium</span> <span class='ocrx_word' id='word_1_278' title='bbox 241 3332 271 3389; x_wconf 90' lang='lat' dir='ltr'>et</span> <span class='ocrx_word' id='word_1_279' title='bbox 294 3350 362 3390; x_wconf 90' lang='lat' dir='ltr'>cum</span> <span class='ocrx_word' id='word_1_280' title='bbox 384 3332 514 3392; x_wconf 89' lang='lat' dir='ltr'>lacrimis</span> <span class='ocrx_word' id='word_1_281' title='bbox 543 3334 573 3390; x_wconf 91' lang='lat' dir='ltr'>et</span> <span class='ocrx_word' id='word_1_282' title='bbox 600 3331 734 3406; x_wconf 90' lang='lat' dir='ltr'>precibus</span> <span class='ocrx_word' id='word_1_283' title='bbox 763 3331 894 3390; x_wconf 88' lang='lat' dir='ltr'>obtinuit</span> <span class='ocrx_word' id='word_1_284' title='bbox 916 3332 1121 3391; x_wconf 62' lang='lat' dir='ltr'>mutationem„</span> 
     </span>
     <span class='ocr_line' id='line_1_35' title="bbox 64 3421 1124 3498; baseline 0.004 -19"><span class='ocrx_word' id='word_1_285' title='bbox 64 3464 66 3472; x_wconf 57' lang='grc'>,</span> <span class='ocrx_word' id='word_1_286' title='bbox 105 3421 177 3479; x_wconf 92' lang='lat' dir='ltr'>tunc</span> <span class='ocrx_word' id='word_1_287' title='bbox 207 3421 311 3479; x_wconf 86' lang='lat' dir='ltr'>exutus</span> <span class='ocrx_word' id='word_1_288' title='bbox 335 3439 400 3480; x_wconf 89' lang='lat' dir='ltr'>sum</span> <span class='ocrx_word' id='word_1_289' title='bbox 432 3422 522 3481; x_wconf 87' lang='lat' dir='ltr'>annis</span> <span class='ocrx_word' id='word_1_290' title='bbox 546 3423 662 3496; x_wconf 89' lang='lat' dir='ltr'>etipse</span> <span class='ocrx_word' id='word_1_291' title='bbox 691 3421 813 3479; x_wconf 92' lang='lat' dir='ltr'>indutus</span> <span class='ocrx_word' id='word_1_292' title='bbox 844 3423 888 3480; x_wconf 88' lang='lat' dir='ltr'>est</span> <span class='ocrx_word' id='word_1_293' title='bbox 918 3421 968 3480; x_wconf 85' lang='lat' dir='ltr'>eis.</span> <span class='ocrx_word' id='word_1_294' title='bbox 1008 3422 1124 3498; x_wconf 81' lang='lat' dir='ltr'>pugnet</span> 
     </span>
    </p>
   </div>
   <div class='ocr_carea' id='block_1_5' title="bbox 160 3606 1107 3759">
    <p class='ocr_par' dir='ltr' id='par_1_12' title="bbox 160 3606 1107 3759">
     <span class='ocr_line' id='line_1_36' title="bbox 177 3606 1107 3678; baseline -0.008 -17"><span class='ocrx_word' id='word_1_295' title='bbox 177 3614 211 3661; x_wconf 78' lang='lat'>23</span> <span class='ocrx_word' id='word_1_296' title='bbox 231 3609 285 3678; x_wconf 77' lang='lat' dir='ltr'>lupe</span> <span class='ocrx_word' id='word_1_297' title='bbox 304 3606 374 3676; x_wconf 89' lang='lat' dir='ltr'>quid</span> <span class='ocrx_word' id='word_1_298' title='bbox 393 3609 417 3662; x_wconf 87' lang='lat' dir='ltr'>si</span> <span class='ocrx_word' id='word_1_299' title='bbox 435 3610 476 3663; x_wconf 85' lang='lat' dir='ltr'>cel</span> <span class='ocrx_word' id='word_1_300' title='bbox 494 3607 631 3677; x_wconf 88' lang='lat' dir='ltr'>quicquid</span> <span class='ocrx_word' id='word_1_301' title='bbox 650 3607 705 3662; x_wconf 85' lang='lat' dir='ltr'>sibi</span> <span class='ocrx_word' id='word_1_302' title='bbox 778 3614 812 3662; x_wconf 80' lang='lat'>32</span> <span class='ocrx_word' id='word_1_303' title='bbox 830 3607 1035 3662; x_wconf 73' lang='lat' dir='ltr'>numerarium</span> <span class='ocrx_word' id='word_1_304' title='bbox 1048 3614 1083 3654; x_wconf 70' lang='lat' dir='ltr'>u</span> <span class='ocrx_word' id='word_1_305' title='bbox 1104 3613 1107 3617; x_wconf 77' lang='grc'><em>’</em></span> 
     </span>
     <span class='ocr_line' id='line_1_37' title="bbox 160 3698 996 3759; baseline 0.004 -11"><span class='ocrx_word' id='word_1_306' title='bbox 160 3709 320 3759; x_wconf 77' lang='lat' dir='ltr'>varrnurr</span> <span class='ocrx_word' id='word_1_307' title='bbox 333 3716 538 3751; x_wconf 76' lang='lat' dir='ltr'>nronuurrons</span> <span class='ocrx_word' id='word_1_308' title='bbox 553 3709 589 3751; x_wconf 80' lang='lat' dir='ltr'>ed.</span> <span class='ocrx_word' id='word_1_309' title='bbox 602 3709 745 3751; x_wconf 74' lang='lat' dir='ltr'>Lehnert.</span> <span class='ocrx_word' id='word_1_310' title='bbox 950 3698 996 3743; x_wconf 66' lang='grc' dir='ltr'><strong>Ἃ</strong></span> 
     </span>
    </p>
   </div>
   <div class='ocr_carea' id='block_1_6' title="bbox 0 0 1235 3952">
    <p class='ocr_par' dir='ltr' id='par_1_13' title="bbox 0 0 1235 3952">
     <span class='ocr_line' id='line_1_38' title="bbox 0 0 1235 3952; baseline 0 0"><span class='ocrx_word' id='word_1_311' title='bbox 0 0 1235 3952; x_wconf 95' lang='lat' dir='ltr'> </span> 
     </span>
    </p>
   </div>
  </div>
 </body>
</html>
