<?xml version="1.0" encoding="UTF-8"?>
<!DOCTYPE html PUBLIC "-//W3C//DTD XHTML 1.0 Transitional//EN"
    "http://www.w3.org/TR/xhtml1/DTD/xhtml1-transitional.dtd">
<html xmlns="http://www.w3.org/1999/xhtml" xml:lang="en" lang="en">
 <head>
  <title>
</title>
<meta http-equiv="Content-Type" content="text/html;charset=utf-8" />
  <meta name='ocr-system' content='tesseract 3.04.00' />
  <meta name='ocr-capabilities' content='ocr_page ocr_carea ocr_par ocr_line ocrx_word'/>
</head>
<body>
  <div class='ocr_page' id='page_1' title='image "./qvintilianiqvae00quingoog_0244.png"; bbox 0 0 2430 3952; ppageno 0'>
   <div class='ocr_carea' id='block_1_1' title="bbox 36 187 782 256">
    <p class='ocr_par' dir='ltr' id='par_1_1' title="bbox 36 187 782 256">
     <span class='ocr_line' id='line_1_1' title="bbox 36 187 782 256; baseline -0.021 1"><span class='ocrx_word' id='word_1_1' title='bbox 36 191 103 256; x_wconf 73' lang='lat'>204</span> <span class='ocrx_word' id='word_1_2' title='bbox 306 188 523 244; x_wconf 78' lang='lat' dir='ltr'><strong>SEPVLCRVM</strong></span> <span class='ocrx_word' id='word_1_3' title='bbox 539 187 782 242; x_wconf 78' lang='lat' dir='ltr'><strong>INOANTATVM</strong></span> 
     </span>
    </p>
   </div>
   <div class='ocr_carea' id='block_1_2' title="bbox 6 357 1097 2835">
    <p class='ocr_par' dir='ltr' id='par_1_2' title="bbox 36 357 1097 1129">
     <span class='ocr_line' id='line_1_2' title="bbox 36 357 1055 435; baseline -0.002 -16"><span class='ocrx_word' id='word_1_4' title='bbox 36 360 111 419; x_wconf 86' lang='lat' dir='ltr'>toris</span> <span class='ocrx_word' id='word_1_5' title='bbox 134 378 280 418; x_wconf 76' lang='lat' dir='ltr'>carcerem</span> <span class='ocrx_word' id='word_1_6' title='bbox 303 358 452 435; x_wconf 86' lang='lat' dir='ltr'>effregerit</span> <span class='ocrx_word' id='word_1_7' title='bbox 474 360 505 417; x_wconf 90' lang='lat' dir='ltr'>et</span> <span class='ocrx_word' id='word_1_8' title='bbox 527 360 686 416; x_wconf 88' lang='lat' dir='ltr'>exonerata</span> <span class='ocrx_word' id='word_1_9' title='bbox 708 357 848 416; x_wconf 82' lang='lat' dir='ltr'><strong>membris</strong></span> <span class='ocrx_word' id='word_1_10' title='bbox 873 357 1055 418; x_wconf 85' lang='lat' dir='ltr'>mortalibus</span> 
     </span>
     <span class='ocr_line' id='line_1_3' title="bbox 37 445 1054 526; baseline -0.001 -20"><span class='ocrx_word' id='word_1_11' title='bbox 37 448 97 506; x_wconf 85' lang='lat' dir='ltr'>levi</span> <span class='ocrx_word' id='word_1_12' title='bbox 119 467 150 506; x_wconf 90' lang='lat' dir='ltr'>se</span> <span class='ocrx_word' id='word_1_13' title='bbox 173 447 241 526; x_wconf 92' lang='lat' dir='ltr'>igne</span> <span class='ocrx_word' id='word_1_14' title='bbox 264 447 446 520; x_wconf 76' lang='lat' dir='ltr'>lustraverit,</span> <span class='ocrx_word' id='word_1_15' title='bbox 468 449 568 524; x_wconf 84' lang='lat' dir='ltr'>petere</span> <span class='ocrx_word' id='word_1_16' title='bbox 587 447 669 506; x_wconf 88' lang='lat' dir='ltr'>sedes</span> <span class='ocrx_word' id='word_1_17' title='bbox 693 447 771 504; x_wconf 90' lang='lat' dir='ltr'>inter</span> <span class='ocrx_word' id='word_1_18' title='bbox 789 449 880 520; x_wconf 89' lang='lat' dir='ltr'>astra,</span> <span class='ocrx_word' id='word_1_19' title='bbox 903 445 996 505; x_wconf 88' lang='lat' dir='ltr'>donec</span> <span class='ocrx_word' id='word_1_20' title='bbox 1020 447 1054 505; x_wconf 93' lang='lat' dir='ltr'>in</span> 
     </span>
     <span class='ocr_line' id='line_1_4' title="bbox 38 535 1053 613; baseline -0.001 -18"><span class='ocrx_word' id='word_1_21' title='bbox 38 537 98 595; x_wconf 86' lang='lat' dir='ltr'>alia</span> <span class='ocrx_word' id='word_1_22' title='bbox 120 537 184 594; x_wconf 90' lang='lat' dir='ltr'>fata</span> <span class='ocrx_word' id='word_1_23' title='bbox 202 536 317 596; x_wconf 90' lang='lat' dir='ltr'>saeculo</span> <span class='ocrx_word' id='word_1_24' title='bbox 340 540 493 613; x_wconf 72' lang='lat' dir='ltr'>pugnante</span> <span class='ocrx_word' id='word_1_25' title='bbox 511 536 712 612; x_wconf 75' lang='lat' dir='ltr'>transmigret,</span> <span class='ocrx_word' id='word_1_26' title='bbox 736 535 841 594; x_wconf 90' lang='lat' dir='ltr'>deinde</span> <span class='ocrx_word' id='word_1_27' title='bbox 859 536 968 610; x_wconf 89' lang='lat' dir='ltr'>prioris</span> <span class='ocrx_word' id='word_1_28' title='bbox 987 554 1053 594; x_wconf 88' lang='lat' dir='ltr'>cor·</span> 
     </span>
     <span class='ocr_line' id='line_1_5' title="bbox 36 624 1053 702; baseline 0 -18"><span class='ocrx_word' id='word_1_29' title='bbox 36 628 118 702; x_wconf 91' lang='lat' dir='ltr'>poris</span> <span class='ocrx_word' id='word_1_30' title='bbox 136 627 312 684; x_wconf 87' lang='lat' dir='ltr'>meminisse.</span> <span class='ocrx_word' id='word_1_31' title='bbox 348 625 416 683; x_wconf 93' lang='lat' dir='ltr'>inde</span> <span class='ocrx_word' id='word_1_32' title='bbox 435 627 572 684; x_wconf 86' lang='lat' dir='ltr'>evocatos</span> <span class='ocrx_word' id='word_1_33' title='bbox 590 625 708 699; x_wconf 90' lang='lat' dir='ltr'>prodire</span> <span class='ocrx_word' id='word_1_34' title='bbox 726 642 837 698; x_wconf 89' lang='lat' dir='ltr'>manes,</span> <span class='ocrx_word' id='word_1_35' title='bbox 856 624 924 682; x_wconf 90' lang='lat' dir='ltr'>inde</span> <span class='ocrx_word' id='word_1_36' title='bbox 943 642 1053 699; x_wconf 90' lang='lat' dir='ltr'>corpus</span> 
     </span>
     <span class='ocr_line' id='line_1_6' title="bbox 39 712 1097 789; baseline 0 -15"><span class='ocrx_word' id='word_1_37' title='bbox 39 717 69 774; x_wconf 91' lang='lat' dir='ltr'>et</span> <span class='ocrx_word' id='word_1_38' title='bbox 82 715 184 774; x_wconf 84' lang='lat' dir='ltr'>vultus</span> <span class='ocrx_word' id='word_1_39' title='bbox 204 718 234 773; x_wconf 91' lang='lat' dir='ltr'>et</span> <span class='ocrx_word' id='word_1_40' title='bbox 253 714 394 789; x_wconf 89' lang='lat' dir='ltr'>quicquid</span> <span class='ocrx_word' id='word_1_41' title='bbox 407 714 550 787; x_wconf 87' lang='lat' dir='ltr'>videmus,</span> <span class='ocrx_word' id='word_1_42' title='bbox 569 715 709 788; x_wconf 88' lang='lat' dir='ltr'>accipere,</span> <span class='ocrx_word' id='word_1_43' title='bbox 728 731 878 772; x_wconf 88' lang='lat' dir='ltr'>occurrere</span> <span class='ocrx_word' id='word_1_44' title='bbox 897 712 958 772; x_wconf 90' lang='lat' dir='ltr'>suis</span> <span class='ocrx_word' id='word_1_45' title='bbox 976 714 1054 772; x_wconf 93' lang='lat' dir='ltr'>ima-</span> <span class='ocrx_word' id='word_1_46' title='bbox 1083 734 1097 774; x_wconf 80' lang='lat' dir='ltr'>s</span> 
     </span>
     <span class='ocr_line' id='line_1_7' title="bbox 38 802 1054 881; baseline -0.001 -20"><span class='ocrx_word' id='word_1_47' title='bbox 38 806 120 881; x_wconf 89' lang='lat' dir='ltr'>gines</span> <span class='ocrx_word' id='word_1_48' title='bbox 148 822 246 878; x_wconf 86' lang='lat' dir='ltr'>caras,</span> <span class='ocrx_word' id='word_1_49' title='bbox 279 802 440 877; x_wconf 90' lang='lat' dir='ltr'>aliquando</span> <span class='ocrx_word' id='word_1_50' title='bbox 469 808 499 860; x_wconf 89' lang='lat' dir='ltr'>et</span> <span class='ocrx_word' id='word_1_51' title='bbox 525 804 645 861; x_wconf 88' lang='lat' dir='ltr'>oracula</span> <span class='ocrx_word' id='word_1_52' title='bbox 671 802 736 861; x_wconf 86' lang='lat' dir='ltr'>fien&#39;</span> <span class='ocrx_word' id='word_1_53' title='bbox 764 805 794 860; x_wconf 89' lang='lat' dir='ltr'>et</span> <span class='ocrx_word' id='word_1_54' title='bbox 819 803 972 860; x_wconf 79' lang='lat' dir='ltr'>nocturnis</span> <span class='ocrx_word' id='word_1_55' title='bbox 1001 803 1054 860; x_wconf 89' lang='lat' dir='ltr'>ad-</span> 
     </span>
     <span class='ocr_line' id='line_1_8' title="bbox 37 890 1054 969; baseline -0.001 -19"><span class='ocrx_word' id='word_1_56' title='bbox 37 911 157 952; x_wconf 91' lang='lat' dir='ltr'>monere</span> <span class='ocrx_word' id='word_1_57' title='bbox 183 892 361 969; x_wconf 81' lang='lat' dir='ltr'>praeceptis,</span> <span class='ocrx_word' id='word_1_58' title='bbox 390 892 498 949; x_wconf 87' lang='lat' dir='ltr'>sentire</span> <span class='ocrx_word' id='word_1_59' title='bbox 523 909 596 966; x_wconf 89' lang='lat' dir='ltr'>quas</span> <span class='ocrx_word' id='word_1_60' title='bbox 623 892 778 950; x_wconf 86' lang='lat' dir='ltr'>mittamus</span> <span class='ocrx_word' id='word_1_61' title='bbox 801 890 923 949; x_wconf 90' lang='lat' dir='ltr'>inferias</span> <span class='ocrx_word' id='word_1_62' title='bbox 946 893 977 949; x_wconf 90' lang='lat' dir='ltr'>et</span> <span class='ocrx_word' id='word_1_63' title='bbox 998 891 1054 950; x_wconf 89' lang='lat' dir='ltr'>ho-</span> 
     </span>
     <span class='ocr_line' id='line_1_9' title="bbox 37 979 1054 1057; baseline 0 -18"><span class='ocrx_word' id='word_1_64' title='bbox 37 1001 139 1041; x_wconf 88' lang='lat' dir='ltr'>norem</span> <span class='ocrx_word' id='word_1_65' title='bbox 157 984 309 1056; x_wconf 86' lang='lat' dir='ltr'>percipere</span> <span class='ocrx_word' id='word_1_66' title='bbox 326 981 517 1038; x_wconf 88' lang='lat' dir='ltr'>tumulorum.</span> <span class='ocrx_word' id='word_1_67' title='bbox 553 999 634 1057; x_wconf 86' lang='lat' dir='ltr'>rogo,</span> <span class='ocrx_word' id='word_1_68' title='bbox 658 999 725 1039; x_wconf 94' lang='lat' dir='ltr'>cum</span> <span class='ocrx_word' id='word_1_69' title='bbox 744 979 825 1038; x_wconf 89' lang='lat' dir='ltr'>filius</span> <span class='ocrx_word' id='word_1_70' title='bbox 843 981 929 1055; x_wconf 84' lang='lat' dir='ltr'>perit,</span> <span class='ocrx_word' id='word_1_71' title='bbox 952 999 1054 1039; x_wconf 91' lang='lat' dir='ltr'>nonne</span> 
     </span>
     <span class='ocr_line' id='line_1_10' title="bbox 38 1067 439 1129; baseline -0.007 -1"><span class='ocrx_word' id='word_1_72' title='bbox 38 1073 132 1129; x_wconf 87' lang='lat' dir='ltr'>satius</span> <span class='ocrx_word' id='word_1_73' title='bbox 156 1073 201 1128; x_wconf 89' lang='lat' dir='ltr'>est</span> <span class='ocrx_word' id='word_1_74' title='bbox 223 1070 278 1127; x_wconf 90' lang='lat' dir='ltr'>hoc</span> <span class='ocrx_word' id='word_1_75' title='bbox 302 1067 439 1127; x_wconf 81' lang='lat' dir='ltr'>credere?</span> 
     </span>
    </p>

    <p class='ocr_par' dir='ltr' id='par_1_3' title="bbox 38 1145 1096 1677">
     <span class='ocr_line' id='line_1_11' title="bbox 128 1145 1096 1233; baseline 0.002 -18"><span class='ocrx_word' id='word_1_76' title='bbox 128 1154 220 1216; x_wconf 76' lang='lat' dir='ltr'>‘&#39;l&#39;uae</span> <span class='ocrx_word' id='word_1_77' title='bbox 243 1153 366 1232; x_wconf 86' lang='lat' dir='ltr'>tamen&#39;,</span> <span class='ocrx_word' id='word_1_78' title='bbox 393 1157 505 1232; x_wconf 89' lang='lat' dir='ltr'>inquit,</span> <span class='ocrx_word' id='word_1_79' title='bbox 528 1151 596 1216; x_wconf 74' lang='lat' dir='ltr'>‘hoc</span> <span class='ocrx_word' id='word_1_80' title='bbox 619 1157 713 1233; x_wconf 87' lang='lat' dir='ltr'>quieti</span> <span class='ocrx_word' id='word_1_81' title='bbox 735 1145 886 1232; x_wconf 80' lang='lat' dir='ltr'>praestiti,</span> <span class='ocrx_word' id='word_1_82' title='bbox 911 1175 948 1214; x_wconf 90' lang='lat' dir='ltr'>ne</span> <span class='ocrx_word' id='word_1_83' title='bbox 972 1160 1053 1215; x_wconf 90' lang='lat' dir='ltr'>atto·</span> <span class='ocrx_word' id='word_1_84' title='bbox 1067 1177 1096 1217; x_wconf 86' lang='lat' dir='ltr'>ro</span> 
     </span>
     <span class='ocr_line' id='line_1_12' title="bbox 38 1245 1053 1324; baseline 0.002 -20"><span class='ocrx_word' id='word_1_85' title='bbox 38 1247 111 1306; x_wconf 87' lang='lat' dir='ltr'>uitis</span> <span class='ocrx_word' id='word_1_86' title='bbox 130 1248 246 1324; x_wconf 90' lang='lat' dir='ltr'>agitata</span> <span class='ocrx_word' id='word_1_87' title='bbox 268 1246 430 1305; x_wconf 89' lang='lat' dir='ltr'>terroribus</span> <span class='ocrx_word' id='word_1_88' title='bbox 454 1245 597 1305; x_wconf 89' lang='lat' dir='ltr'>sollicitas</span> <span class='ocrx_word' id='word_1_89' title='bbox 620 1264 735 1320; x_wconf 88' lang='lat' dir='ltr'>semper</span> <span class='ocrx_word' id='word_1_90' title='bbox 758 1264 860 1322; x_wconf 86' lang='lat' dir='ltr'>ageres</span> <span class='ocrx_word' id='word_1_91' title='bbox 880 1263 1053 1320; x_wconf 87' lang='lat' dir='ltr'>suspensas·</span> 
     </span>
     <span class='ocr_line' id='line_1_13' title="bbox 39 1329 1054 1411; baseline 0.001 -18"><span class='ocrx_word' id='word_1_92' title='bbox 39 1355 96 1411; x_wconf 90' lang='lat' dir='ltr'>que</span> <span class='ocrx_word' id='word_1_93' title='bbox 115 1336 235 1395; x_wconf 88' lang='lat' dir='ltr'>duceres</span> <span class='ocrx_word' id='word_1_94' title='bbox 253 1329 374 1394; x_wconf 87' lang='lat' dir='ltr'>noctes&#39;</span> <span class='ocrx_word' id='word_1_95' title='bbox 410 1336 454 1394; x_wconf 87' lang='lat' dir='ltr'>ita</span> <span class='ocrx_word' id='word_1_96' title='bbox 477 1334 626 1411; x_wconf 81' lang='lat' dir='ltr'>parricida</span> <span class='ocrx_word' id='word_1_97' title='bbox 644 1353 799 1393; x_wconf 92' lang='lat' dir='ltr'>commune</span> <span class='ocrx_word' id='word_1_98' title='bbox 819 1334 935 1392; x_wconf 88' lang='lat' dir='ltr'>facinus</span> <span class='ocrx_word' id='word_1_99' title='bbox 952 1334 1054 1394; x_wconf 84' lang='lat' dir='ltr'>fecisti</span> 
     </span>
     <span class='ocr_line' id='line_1_14' title="bbox 38 1421 1053 1501; baseline 0 -18"><span class='ocrx_word' id='word_1_100' title='bbox 38 1428 68 1483; x_wconf 89' lang='lat' dir='ltr'>et</span> <span class='ocrx_word' id='word_1_101' title='bbox 95 1424 225 1501; x_wconf 89' lang='lat' dir='ltr'>imputas</span> <span class='ocrx_word' id='word_1_102' title='bbox 254 1424 332 1500; x_wconf 90' lang='lat' dir='ltr'>quod</span> <span class='ocrx_word' id='word_1_103' title='bbox 358 1423 454 1482; x_wconf 89' lang='lat' dir='ltr'>filium</span> <span class='ocrx_word' id='word_1_104' title='bbox 476 1424 575 1483; x_wconf 88' lang='lat' dir='ltr'>videre</span> <span class='ocrx_word' id='word_1_105' title='bbox 603 1421 765 1482; x_wconf 79' lang='lat' dir='ltr'>desiimus?</span> <span class='ocrx_word' id='word_1_106' title='bbox 809 1442 944 1482; x_wconf 92' lang='lat' dir='ltr'>somnum</span> <span class='ocrx_word' id='word_1_107' title='bbox 971 1425 1053 1483; x_wconf 89' lang='lat' dir='ltr'>enirn</span> 
     </span>
     <span class='ocr_line' id='line_1_15' title="bbox 38 1511 1053 1589; baseline -0.002 -17"><span class='ocrx_word' id='word_1_108' title='bbox 38 1515 107 1572; x_wconf 88' lang='lat' dir='ltr'>ante</span> <span class='ocrx_word' id='word_1_109' title='bbox 130 1514 302 1589; x_wconf 86' lang='lat' dir='ltr'>petebamus</span> <span class='ocrx_word' id='word_1_110' title='bbox 326 1517 356 1571; x_wconf 90' lang='lat' dir='ltr'>et</span> <span class='ocrx_word' id='word_1_111' title='bbox 378 1512 530 1589; x_wconf 88' lang='lat' dir='ltr'>placidum</span> <span class='ocrx_word' id='word_1_112' title='bbox 553 1531 695 1587; x_wconf 89' lang='lat' dir='ltr'>soporem.</span> <span class='ocrx_word' id='word_1_113' title='bbox 742 1511 882 1586; x_wconf 88' lang='lat' dir='ltr'>crudelis,</span> <span class='ocrx_word' id='word_1_114' title='bbox 905 1530 983 1570; x_wconf 91' lang='lat' dir='ltr'>nunc</span> <span class='ocrx_word' id='word_1_115' title='bbox 1005 1515 1053 1570; x_wconf 92' lang='lat' dir='ltr'>in-</span> 
     </span>
     <span class='ocr_line' id='line_1_16' title="bbox 38 1600 1095 1677; baseline 0.002 -17"><span class='ocrx_word' id='word_1_116' title='bbox 38 1603 153 1677; x_wconf 88' lang='lat' dir='ltr'>quieta,</span> <span class='ocrx_word' id='word_1_117' title='bbox 178 1620 256 1660; x_wconf 90' lang='lat' dir='ltr'>nunc</span> <span class='ocrx_word' id='word_1_118' title='bbox 278 1600 409 1661; x_wconf 89' lang='lat' dir='ltr'>attonita</span> <span class='ocrx_word' id='word_1_119' title='bbox 431 1604 527 1660; x_wconf 89' lang='lat' dir='ltr'>mater</span> <span class='ocrx_word' id='word_1_120' title='bbox 550 1604 607 1675; x_wconf 88' lang='lat' dir='ltr'>est,</span> <span class='ocrx_word' id='word_1_121' title='bbox 634 1619 713 1658; x_wconf 90' lang='lat' dir='ltr'>nunc</span> <span class='ocrx_word' id='word_1_122' title='bbox 734 1600 917 1676; x_wconf 87' lang='lat' dir='ltr'>perdidimus</span> <span class='ocrx_word' id='word_1_123' title='bbox 939 1603 1051 1661; x_wconf 88' lang='lat' dir='ltr'>noctes.</span> <span class='ocrx_word' id='word_1_124' title='bbox 1067 1620 1095 1662; x_wconf 74' lang='grc' dir='ltr'>ιι</span> 
     </span>
    </p>

    <p class='ocr_par' dir='ltr' id='par_1_4' title="bbox 6 1689 1097 2728">
     <span class='ocr_line' id='line_1_17' title="bbox 6 1689 1053 1767; baseline 0.002 -22"><span class='ocrx_word' id='word_1_125' title='bbox 6 1689 24 1745; x_wconf 85' lang='lat'><em>8</em></span> <span class='ocrx_word' id='word_1_126' title='bbox 104 1691 286 1750; x_wconf 88' lang='lat' dir='ltr'>Vmbramne</span> <span class='ocrx_word' id='word_1_127' title='bbox 307 1694 342 1748; x_wconf 89' lang='lat' dir='ltr'>tn</span> <span class='ocrx_word' id='word_1_128' title='bbox 364 1689 408 1749; x_wconf 92' lang='lat' dir='ltr'>fili</span> <span class='ocrx_word' id='word_1_129' title='bbox 427 1710 490 1749; x_wconf 89' lang='lat' dir='ltr'>rem</span> <span class='ocrx_word' id='word_1_130' title='bbox 512 1690 747 1764; x_wconf 83' lang='lat' dir='ltr'>formidulosum,</span> <span class='ocrx_word' id='word_1_131' title='bbox 768 1707 832 1747; x_wconf 88' lang='lat' dir='ltr'>rem</span> <span class='ocrx_word' id='word_1_132' title='bbox 853 1690 973 1766; x_wconf 90' lang='lat' dir='ltr'>plenam</span> <span class='ocrx_word' id='word_1_133' title='bbox 996 1709 1053 1767; x_wconf 92' lang='lat' dir='ltr'>pu-</span> 
     </span>
     <span class='ocr_line' id='line_1_18' title="bbox 37 1776 1052 1855; baseline 0.001 -18"><span class='ocrx_word' id='word_1_134' title='bbox 37 1781 110 1838; x_wconf 91' lang='lat' dir='ltr'>tasti</span> <span class='ocrx_word' id='word_1_135' title='bbox 144 1798 206 1839; x_wconf 88' lang='lat' dir='ltr'>esse</span> <span class='ocrx_word' id='word_1_136' title='bbox 238 1776 381 1839; x_wconf 78' lang='lat' dir='ltr'>terroris?</span> <span class='ocrx_word' id='word_1_137' title='bbox 427 1779 498 1855; x_wconf 91' lang='lat' dir='ltr'>quid</span> <span class='ocrx_word' id='word_1_138' title='bbox 529 1779 583 1837; x_wconf 93' lang='lat' dir='ltr'>illa</span> <span class='ocrx_word' id='word_1_139' title='bbox 619 1779 726 1837; x_wconf 88' lang='lat' dir='ltr'>laetius</span> <span class='ocrx_word' id='word_1_140' title='bbox 758 1776 855 1838; x_wconf 80' lang='lat' dir='ltr'>facie?</span> <span class='ocrx_word' id='word_1_141' title='bbox 892 1779 964 1854; x_wconf 90' lang='lat' dir='ltr'>quid</span> <span class='ocrx_word' id='word_1_142' title='bbox 996 1779 1052 1838; x_wconf 91' lang='lat' dir='ltr'>illo</span> 
     </span>
     <span class='ocr_line' id='line_1_19' title="bbox 35 1865 1054 1945; baseline 0 -19"><span class='ocrx_word' id='word_1_143' title='bbox 35 1868 175 1927; x_wconf 87' lang='lat' dir='ltr'>blandius</span> <span class='ocrx_word' id='word_1_144' title='bbox 197 1866 303 1927; x_wconf 81' lang='lat' dir='ltr'>vultu?</span> <span class='ocrx_word' id='word_1_145' title='bbox 327 1868 400 1943; x_wconf 91' lang='lat' dir='ltr'>quid</span> <span class='ocrx_word' id='word_1_146' title='bbox 421 1868 518 1945; x_wconf 88' lang='lat' dir='ltr'>magis</span> <span class='ocrx_word' id='word_1_147' title='bbox 537 1868 677 1927; x_wconf 90' lang='lat' dir='ltr'>adulatur</span> <span class='ocrx_word' id='word_1_148' title='bbox 695 1865 809 1928; x_wconf 81' lang='lat' dir='ltr'>oculis?</span> <span class='ocrx_word' id='word_1_149' title='bbox 831 1867 902 1943; x_wconf 90' lang='lat' dir='ltr'>quid</span> <span class='ocrx_word' id='word_1_150' title='bbox 925 1871 1054 1942; x_wconf 91' lang='lat' dir='ltr'>possunt</span> 
     </span>
     <span class='ocr_line' id='line_1_20' title="bbox 37 1954 1053 2034; baseline -0.001 -19"><span class='ocrx_word' id='word_1_151' title='bbox 37 1958 138 2016; x_wconf 85' lang='lat' dir='ltr'>videre</span> <span class='ocrx_word' id='word_1_152' title='bbox 156 1956 297 2016; x_wconf 90' lang='lat' dir='ltr'>libentius</span> <span class='ocrx_word' id='word_1_153' title='bbox 315 1954 478 2016; x_wconf 79' lang='lat' dir='ltr'>lacrimae?</span> <span class='ocrx_word' id='word_1_154' title='bbox 513 1975 573 2016; x_wconf 94' lang='lat' dir='ltr'>non</span> <span class='ocrx_word' id='word_1_155' title='bbox 590 1958 686 2034; x_wconf 89' lang='lat' dir='ltr'>magis</span> <span class='ocrx_word' id='word_1_156' title='bbox 703 1956 863 2015; x_wconf 90' lang='lat' dir='ltr'>metuenda</span> <span class='ocrx_word' id='word_1_157' title='bbox 882 1958 927 2015; x_wconf 90' lang='lat' dir='ltr'>est</span> <span class='ocrx_word' id='word_1_158' title='bbox 944 1956 1053 2015; x_wconf 91' lang='lat' dir='ltr'>umbra</span> 
     </span>
     <span class='ocr_line' id='line_1_21' title="bbox 36 2044 1097 2121; baseline 0.002 -18"><span class='ocrx_word' id='word_1_159' title='bbox 36 2045 92 2104; x_wconf 87' lang='lat' dir='ltr'>filii</span> <span class='ocrx_word' id='word_1_160' title='bbox 105 2064 195 2121; x_wconf 90' lang='lat' dir='ltr'>quam</span> <span class='ocrx_word' id='word_1_161' title='bbox 210 2046 343 2104; x_wconf 87' lang='lat' dir='ltr'>cadaver.</span> <span class='ocrx_word' id='word_1_162' title='bbox 380 2064 497 2105; x_wconf 88' lang='lat' dir='ltr'>necesse</span> <span class='ocrx_word' id='word_1_163' title='bbox 515 2048 568 2120; x_wconf 90' lang='lat' dir='ltr'>est,</span> <span class='ocrx_word' id='word_1_164' title='bbox 582 2048 617 2104; x_wconf 93' lang='lat' dir='ltr'>ut</span> <span class='ocrx_word' id='word_1_165' title='bbox 634 2064 713 2104; x_wconf 87' lang='lat' dir='ltr'>mors</span> <span class='ocrx_word' id='word_1_166' title='bbox 732 2045 852 2104; x_wconf 89' lang='lat' dir='ltr'>horrida</span> <span class='ocrx_word' id='word_1_167' title='bbox 869 2044 924 2104; x_wconf 88' lang='lat' dir='ltr'>fiat</span> <span class='ocrx_word' id='word_1_168' title='bbox 942 2046 1050 2104; x_wconf 90' lang='lat' dir='ltr'>aliena.</span> <span class='ocrx_word' id='word_1_169' title='bbox 1067 2066 1097 2105; x_wconf 86' lang='lat' dir='ltr'>so</span> 
     </span>
     <span class='ocr_line' id='line_1_22' title="bbox 37 2133 1052 2212; baseline 0.001 -20"><span class='ocrx_word' id='word_1_170' title='bbox 37 2133 88 2193; x_wconf 91' lang='lat' dir='ltr'>sed</span> <span class='ocrx_word' id='word_1_171' title='bbox 111 2134 189 2193; x_wconf 87' lang='lat' dir='ltr'>aliae</span> <span class='ocrx_word' id='word_1_172' title='bbox 212 2134 339 2193; x_wconf 85' lang='lat' dir='ltr'>forsitan</span> <span class='ocrx_word' id='word_1_173' title='bbox 362 2137 494 2193; x_wconf 85' lang='lat' dir='ltr'>animum</span> <span class='ocrx_word' id='word_1_174' title='bbox 520 2135 665 2212; x_wconf 84' lang='lat' dir='ltr'>imagines</span> <span class='ocrx_word' id='word_1_175' title='bbox 692 2135 833 2193; x_wconf 78' lang='lat' dir='ltr'>territant</span> <span class='ocrx_word' id='word_1_176' title='bbox 858 2137 888 2192; x_wconf 91' lang='lat' dir='ltr'>et</span> <span class='ocrx_word' id='word_1_177' title='bbox 910 2137 982 2193; x_wconf 91' lang='lat' dir='ltr'>tuno</span> <span class='ocrx_word' id='word_1_178' title='bbox 1005 2135 1052 2193; x_wconf 92' lang='lat' dir='ltr'>in·</span> 
     </span>
     <span class='ocr_line' id='line_1_23' title="bbox 36 2223 1051 2300; baseline 0 -19"><span class='ocrx_word' id='word_1_179' title='bbox 36 2223 92 2281; x_wconf 90' lang='lat' dir='ltr'>feri</span> <span class='ocrx_word' id='word_1_180' title='bbox 115 2226 269 2298; x_wconf 87' lang='lat' dir='ltr'>vocantur,</span> <span class='ocrx_word' id='word_1_181' title='bbox 292 2242 358 2282; x_wconf 85' lang='lat' dir='ltr'>cum</span> <span class='ocrx_word' id='word_1_182' title='bbox 382 2225 478 2300; x_wconf 89' lang='lat' dir='ltr'>ignoti</span> <span class='ocrx_word' id='word_1_183' title='bbox 500 2225 570 2282; x_wconf 90' lang='lat' dir='ltr'>sunt</span> <span class='ocrx_word' id='word_1_184' title='bbox 618 2223 721 2298; x_wconf 91' lang='lat' dir='ltr'>itaque</span> <span class='ocrx_word' id='word_1_185' title='bbox 742 2223 912 2298; x_wconf 87' lang='lat' dir='ltr'>prudenter,</span> <span class='ocrx_word' id='word_1_186' title='bbox 935 2225 961 2281; x_wconf 92' lang='lat' dir='ltr'>si</span> <span class='ocrx_word' id='word_1_187' title='bbox 982 2226 1051 2281; x_wconf 89' lang='lat' dir='ltr'>tan-</span> 
     </span>
     <span class='ocr_line' id='line_1_24' title="bbox 35 2311 1052 2388; baseline 0.001 -18"><span class='ocrx_word' id='word_1_188' title='bbox 35 2315 101 2370; x_wconf 90' lang='lat' dir='ltr'>tum</span> <span class='ocrx_word' id='word_1_189' title='bbox 128 2313 166 2371; x_wconf 90' lang='lat' dir='ltr'>ad</span> <span class='ocrx_word' id='word_1_190' title='bbox 194 2331 262 2371; x_wconf 90' lang='lat' dir='ltr'>suos</span> <span class='ocrx_word' id='word_1_191' title='bbox 289 2312 420 2371; x_wconf 90' lang='lat' dir='ltr'>veniunt.</span> <span class='ocrx_word' id='word_1_192' title='bbox 466 2312 625 2371; x_wconf 88' lang='lat' dir='ltr'>sceleratus</span> <span class='ocrx_word' id='word_1_193' title='bbox 652 2311 717 2386; x_wconf 86' lang='lat' dir='ltr'>ille,</span> <span class='ocrx_word' id='word_1_194' title='bbox 746 2312 797 2369; x_wconf 89' lang='lat' dir='ltr'>ille</span> <span class='ocrx_word' id='word_1_195' title='bbox 829 2313 956 2387; x_wconf 87' lang='lat' dir='ltr'>impius,</span> <span class='ocrx_word' id='word_1_196' title='bbox 984 2313 1052 2388; x_wconf 90' lang='lat' dir='ltr'>qui-</span> 
     </span>
     <span class='ocr_line' id='line_1_25' title="bbox 36 2400 1049 2477; baseline -0.001 -18"><span class='ocrx_word' id='word_1_197' title='bbox 36 2419 150 2477; x_wconf 93' lang='lat' dir='ltr'>cunque</span> <span class='ocrx_word' id='word_1_198' title='bbox 170 2402 342 2460; x_wconf 88' lang='lat' dir='ltr'>defunctum</span> <span class='ocrx_word' id='word_1_199' title='bbox 365 2400 460 2459; x_wconf 91' lang='lat' dir='ltr'>filium</span> <span class='ocrx_word' id='word_1_200' title='bbox 478 2400 556 2460; x_wconf 85' lang='lat' dir='ltr'>vidit</span> <span class='ocrx_word' id='word_1_201' title='bbox 577 2403 607 2459; x_wconf 93' lang='lat' dir='ltr'>et</span> <span class='ocrx_word' id='word_1_202' title='bbox 624 2402 760 2459; x_wconf 87' lang='lat' dir='ltr'>meminit</span> <span class='ocrx_word' id='word_1_203' title='bbox 779 2400 856 2475; x_wconf 92' lang='lat' dir='ltr'>quod</span> <span class='ocrx_word' id='word_1_204' title='bbox 881 2401 975 2459; x_wconf 89' lang='lat' dir='ltr'>elatus</span> <span class='ocrx_word' id='word_1_205' title='bbox 995 2404 1049 2460; x_wconf 90' lang='lat' dir='ltr'>est.</span> 
     </span>
     <span class='ocr_line' id='line_1_26' title="bbox 36 2484 1096 2565; baseline 0.003 -16"><span class='ocrx_word' id='word_1_206' title='bbox 36 2484 227 2565; x_wconf 65' lang='lat' dir='ltr'>terrebaris,</span> <span class='ocrx_word' id='word_1_207' title='bbox 251 2491 358 2565; x_wconf 87' lang='lat' dir='ltr'>inquit,</span> <span class='ocrx_word' id='word_1_208' title='bbox 383 2485 424 2549; x_wconf 86' lang='lat' dir='ltr'>‘et</span> <span class='ocrx_word' id='word_1_209' title='bbox 442 2490 578 2549; x_wconf 90' lang='lat' dir='ltr'>sollicitis</span> <span class='ocrx_word' id='word_1_210' title='bbox 597 2489 733 2548; x_wconf 90' lang='lat' dir='ltr'>noctibus</span> <span class='ocrx_word' id='word_1_211' title='bbox 756 2485 933 2547; x_wconf 86' lang='lat' dir='ltr'>laborabas&#39;</span> <span class='ocrx_word' id='word_1_212' title='bbox 966 2491 1050 2548; x_wconf 86' lang='lat' dir='ltr'>itane</span> <span class='ocrx_word' id='word_1_213' title='bbox 1066 2511 1096 2552; x_wconf 82' lang='lat' dir='ltr'>ss</span> 
     </span>
     <span class='ocr_line' id='line_1_27' title="bbox 35 2576 1050 2654; baseline -0.002 -15"><span class='ocrx_word' id='word_1_214' title='bbox 35 2598 79 2654; x_wconf 90' lang='lat' dir='ltr'>es,</span> <span class='ocrx_word' id='word_1_215' title='bbox 102 2583 222 2653; x_wconf 86' lang='lat' dir='ltr'>marite,</span> <span class='ocrx_word' id='word_1_216' title='bbox 250 2576 397 2638; x_wconf 81' lang='lat' dir='ltr'>crudelis?</span> <span class='ocrx_word' id='word_1_217' title='bbox 441 2582 475 2637; x_wconf 92' lang='lat' dir='ltr'>tu</span> <span class='ocrx_word' id='word_1_218' title='bbox 499 2578 633 2638; x_wconf 89' lang='lat' dir='ltr'>clusisses</span> <span class='ocrx_word' id='word_1_219' title='bbox 657 2577 752 2636; x_wconf 91' lang='lat' dir='ltr'>filium</span> <span class='ocrx_word' id='word_1_220' title='bbox 780 2579 884 2652; x_wconf 86' lang='lat' dir='ltr'>etiam,</span> <span class='ocrx_word' id='word_1_221' title='bbox 908 2579 933 2637; x_wconf 93' lang='lat' dir='ltr'>si</span> <span class='ocrx_word' id='word_1_222' title='bbox 957 2578 995 2636; x_wconf 88' lang='lat' dir='ltr'>ad</span> <span class='ocrx_word' id='word_1_223' title='bbox 1018 2582 1050 2637; x_wconf 93' lang='lat' dir='ltr'>te</span> 
     </span>
     <span class='ocr_line' id='line_1_28' title="bbox 35 2667 173 2728; baseline 0.007 -1"><span class='ocrx_word' id='word_1_224' title='bbox 35 2667 173 2728; x_wconf 81' lang='lat' dir='ltr'>reniret?</span> 
     </span>
    </p>

    <p class='ocr_par' dir='ltr' id='par_1_5' title="bbox 103 2751 1050 2835">
     <span class='ocr_line' id='line_1_29' title="bbox 103 2751 1050 2835; baseline -0.001 -19"><span class='ocrx_word' id='word_1_225' title='bbox 103 2753 176 2817; x_wconf 81' lang='lat' dir='ltr'>‘Nec</span> <span class='ocrx_word' id='word_1_226' title='bbox 196 2753 322 2835; x_wconf 89' lang='lat' dir='ltr'>magus&#39;,</span> <span class='ocrx_word' id='word_1_227' title='bbox 345 2756 453 2832; x_wconf 92' lang='lat' dir='ltr'>inquit,</span> <span class='ocrx_word' id='word_1_228' title='bbox 472 2751 606 2814; x_wconf 72' lang='lat' dir='ltr'>‘inclusit</span> <span class='ocrx_word' id='word_1_229' title='bbox 624 2757 769 2832; x_wconf 88' lang='lat' dir='ltr'>umbram,</span> <span class='ocrx_word' id='word_1_230' title='bbox 792 2756 843 2815; x_wconf 89' lang='lat' dir='ltr'>sed</span> <span class='ocrx_word' id='word_1_231' title='bbox 862 2755 1050 2831; x_wconf 89' lang='lat' dir='ltr'>persuasioni</span> 
     </span>
    </p>
   </div>
   <div class='ocr_carea' id='block_1_3' title="bbox 36 2977 1049 3138">
    <p class='ocr_par' dir='ltr' id='par_1_6' title="bbox 36 2977 1049 3138">
     <span class='ocr_line' id='line_1_30' title="bbox 108 2977 1049 3065; baseline -0.001 -34"><span class='ocrx_word' id='word_1_232' title='bbox 108 2980 312 3033; x_wconf 85' lang='lat' dir='ltr'>lexhonerata</span> <span class='ocrx_word' id='word_1_233' title='bbox 329 2989 350 3031; x_wconf 81' lang='lat' dir='ltr'><strong><em>V</em></strong></span> <span class='ocrx_word' id='word_1_234' title='bbox 400 2978 566 3034; x_wconf 87' lang='lat' dir='ltr'>mortalibus</span> <span class='ocrx_word' id='word_1_235' title='bbox 580 2979 713 3033; x_wconf 87' lang='lat' dir='ltr'>membris</span> <span class='ocrx_word' id='word_1_236' title='bbox 728 2990 755 3032; x_wconf 84' lang='lat' dir='ltr'><em>P</em></span> <span class='ocrx_word' id='word_1_237' title='bbox 807 2978 915 3065; x_wconf 63' lang='lat' dir='ltr'>tinter</span> <span class='ocrx_word' id='word_1_238' title='bbox 933 2989 961 3031; x_wconf 72' lang='lat' dir='ltr'>s:</span> <span class='ocrx_word' id='word_1_239' title='bbox 980 2977 1011 3030; x_wconf 90' lang='lat' dir='ltr'>in</span> <span class='ocrx_word' id='word_1_240' title='bbox 1026 3000 1049 3030; x_wconf 87' lang='grc' dir='ltr'>ω</span> 
     </span>
     <span class='ocr_line' id='line_1_31' title="bbox 36 3067 1049 3138; baseline -0.001 -17"><span class='ocrx_word' id='word_1_241' title='bbox 36 3067 148 3122; x_wconf 75' lang='lat' dir='ltr'>dfacta</span> <span class='ocrx_word' id='word_1_242' title='bbox 161 3078 189 3121; x_wconf 99' lang='grc' dir='ltr'><em>Β</em></span> <span class='ocrx_word' id='word_1_243' title='bbox 240 3068 441 3138; x_wconf 80' lang='lat' dir='ltr'>transmigrent</span> <span class='ocrx_word' id='word_1_244' title='bbox 454 3078 482 3122; x_wconf 81' lang='lat' dir='ltr'><em>P</em></span> <span class='ocrx_word' id='word_1_245' title='bbox 529 3069 631 3122; x_wconf 92' lang='lat' dir='ltr'>deinde</span> <span class='ocrx_word' id='word_1_246' title='bbox 651 3080 678 3122; x_wconf 75' lang='lat' dir='ltr'>s:</span> <span class='ocrx_word' id='word_1_247' title='bbox 699 3067 746 3121; x_wconf 77' lang='lat' dir='ltr'>dm</span> <span class='ocrx_word' id='word_1_248' title='bbox 760 3075 819 3133; x_wconf 75' lang='lat'>1183</span> <span class='ocrx_word' id='word_1_249' title='bbox 839 3067 887 3119; x_wconf 90' lang='lat' dir='ltr'>dni</span> <span class='ocrx_word' id='word_1_250' title='bbox 905 3076 979 3133; x_wconf 67' lang='lat' dir='ltr'>W,</span> <span class='ocrx_word' id='word_1_251' title='bbox 999 3067 1049 3120; x_wconf 90' lang='lat' dir='ltr'>do·</span> 
     </span>
    </p>
   </div>
   <div class='ocr_carea' id='block_1_4' title="bbox 33 3137 1052 3386">
    <p class='ocr_par' dir='ltr' id='par_1_7' title="bbox 33 3137 1052 3386">
     <span class='ocr_line' id='line_1_32' title="bbox 33 3137 1051 3244; baseline 0 -17"><span class='ocrx_word' id='word_1_252' title='bbox 33 3173 105 3227; x_wconf 91' lang='lat' dir='ltr'>mini</span> <span class='ocrx_word' id='word_1_253' title='bbox 124 3183 165 3240; x_wconf 74' lang='grc' dir='ltr'>Βς</span> <span class='ocrx_word' id='word_1_254' title='bbox 184 3174 296 3228; x_wconf 91' lang='lat' dir='ltr'>demum</span> <span class='ocrx_word' id='word_1_255' title='bbox 315 3176 392 3229; x_wconf 81' lang='lat' dir='ltr'>Desa.</span> <span class='ocrx_word' id='word_1_256' title='bbox 448 3175 513 3228; x_wconf 84' lang='lat' dir='ltr'>4in</span> <span class='ocrx_word' id='word_1_257' title='bbox 533 3191 632 3244; x_wconf 87' lang='lat' dir='ltr'>corpus</span> <span class='ocrx_word' id='word_1_258' title='bbox 651 3184 672 3227; x_wconf 77' lang='lat' dir='ltr'><strong><em>V</em></strong></span> <span class='ocrx_word' id='word_1_259' title='bbox 729 3179 873 3227; x_wconf 80' lang='lat' dir='ltr'>bcurrere</span> <span class='ocrx_word' id='word_1_260' title='bbox 891 3183 919 3226; x_wconf 97' lang='grc' dir='ltr'><em>Β</em></span> <span class='ocrx_word' id='word_1_261' title='bbox 978 3137 1051 3227; x_wconf 69' lang='lat' dir='ltr'>cdl</span> 
     </span>
     <span class='ocr_line' id='line_1_33' title="bbox 34 3244 1052 3314; baseline -0.001 -15"><span class='ocrx_word' id='word_1_262' title='bbox 34 3244 149 3299; x_wconf 89' lang='lat' dir='ltr'>oracula</span> <span class='ocrx_word' id='word_1_263' title='bbox 166 3255 194 3298; x_wconf 91' lang='grc' dir='ltr'><em>Β</em></span> <span class='ocrx_word' id='word_1_264' title='bbox 265 3262 423 3300; x_wconf 88' lang='lat' dir='ltr'>ammonere</span> <span class='ocrx_word' id='word_1_265' title='bbox 447 3256 475 3314; x_wconf 58' lang='grc' dir='ltr'>ἡ</span> <span class='ocrx_word' id='word_1_266' title='bbox 495 3245 648 3300; x_wconf 89' lang='lat' dir='ltr'>ammoneri</span> <span class='ocrx_word' id='word_1_267' title='bbox 667 3258 682 3310; x_wconf 75' lang='lat' dir='ltr'>a</span> <span class='ocrx_word' id='word_1_268' title='bbox 754 3248 770 3297; x_wconf 90' lang='lat'>8</span> <span class='ocrx_word' id='word_1_269' title='bbox 788 3260 893 3298; x_wconf 91' lang='lat' dir='ltr'>nonne:</span> <span class='ocrx_word' id='word_1_270' title='bbox 915 3245 945 3296; x_wconf 87' lang='lat' dir='ltr'>in</span> <span class='ocrx_word' id='word_1_271' title='bbox 963 3260 1008 3297; x_wconf 92' lang='lat' dir='ltr'>me</span> <span class='ocrx_word' id='word_1_272' title='bbox 1026 3256 1052 3298; x_wconf 75' lang='lat'><em>1</em></span> 
     </span>
     <span class='ocr_line' id='line_1_34' title="bbox 35 3315 1048 3386; baseline 0.002 -18"><span class='ocrx_word' id='word_1_273' title='bbox 35 3315 139 3369; x_wconf 70' lang='lat' dir='ltr'>beatis</span> <span class='ocrx_word' id='word_1_274' title='bbox 154 3327 181 3369; x_wconf 80' lang='grc' dir='ltr'><strong>Ρ</strong></span> <span class='ocrx_word' id='word_1_275' title='bbox 233 3322 265 3370; x_wconf 87' lang='grc'>10</span> <span class='ocrx_word' id='word_1_276' title='bbox 284 3317 452 3386; x_wconf 90' lang='lat' dir='ltr'>praestitisti</span> <span class='ocrx_word' id='word_1_277' title='bbox 466 3327 524 3370; x_wconf 75' lang='lat' dir='ltr'>Bm</span> <span class='ocrx_word' id='word_1_278' title='bbox 574 3323 607 3370; x_wconf 84' lang='lat'>14</span> <span class='ocrx_word' id='word_1_279' title='bbox 625 3317 705 3370; x_wconf 88' lang='lat' dir='ltr'>ante:</span> <span class='ocrx_word' id='word_1_280' title='bbox 725 3317 785 3369; x_wconf 90' lang='lat' dir='ltr'>ate</span> <span class='ocrx_word' id='word_1_281' title='bbox 803 3324 824 3366; x_wconf 73' lang='lat' dir='ltr'><strong><em>V</em></strong></span> <span class='ocrx_word' id='word_1_282' title='bbox 868 3315 1048 3382; x_wconf 89' lang='lat' dir='ltr'>petebamus:</span> 
     </span>
    </p>
   </div>
   <div class='ocr_carea' id='block_1_5' title="bbox 34 3403 1052 3619">
    <p class='ocr_par' dir='ltr' id='par_1_8' title="bbox 34 3403 1052 3619">
     <span class='ocr_line' id='line_1_35' title="bbox 34 3403 1048 3501; baseline 0 -25"><span class='ocrx_word' id='word_1_283' title='bbox 34 3439 51 3476; x_wconf 87' lang='lat' dir='ltr'>e</span> <span class='ocrx_word' id='word_1_284' title='bbox 73 3423 188 3478; x_wconf 77' lang='lat' dir='ltr'>alteram</span> <span class='ocrx_word' id='word_1_285' title='bbox 211 3425 243 3477; x_wconf 80' lang='lat' dir='ltr'>ia</span> <span class='ocrx_word' id='word_1_286' title='bbox 260 3441 314 3479; x_wconf 80' lang='lat' dir='ltr'>ras.</span> <span class='ocrx_word' id='word_1_287' title='bbox 333 3423 397 3492; x_wconf 69' lang='lat'>2113</span> <span class='ocrx_word' id='word_1_288' title='bbox 423 3424 592 3493; x_wconf 89' lang='lat' dir='ltr'>putabamus</span> <span class='ocrx_word' id='word_1_289' title='bbox 615 3436 630 3487; x_wconf 78' lang='grc' dir='ltr'><strong><em>β</em></strong></span> <span class='ocrx_word' id='word_1_290' title='bbox 720 3427 753 3476; x_wconf 84' lang='grc'>16</span> <span class='ocrx_word' id='word_1_291' title='bbox 776 3403 888 3490; x_wconf 64' lang='lat' dir='ltr'>potiti}</span> <span class='ocrx_word' id='word_1_292' title='bbox 907 3425 987 3501; x_wconf 71' lang='lat'>¹¹.(⁸</span> <span class='ocrx_word' id='word_1_293' title='bbox 1010 3440 1048 3476; x_wconf 81' lang='lat' dir='ltr'>er.</span> 
     </span>
     <span class='ocr_line' id='line_1_36' title="bbox 34 3494 1052 3619; baseline -0.002 -70"><span class='ocrx_word' id='word_1_294' title='bbox 34 3510 140 3619; x_wconf 40' lang='lat'>{6823}</span> <span class='ocrx_word' id='word_1_295' title='bbox 152 3496 196 3618; x_wconf 50' lang='lat' dir='ltr'>ge)</span> <span class='ocrx_word' id='word_1_296' title='bbox 252 3500 285 3549; x_wconf 89' lang='lat'>18</span> <span class='ocrx_word' id='word_1_297' title='bbox 304 3495 456 3549; x_wconf 86' lang='lat' dir='ltr'>adhulatur</span> <span class='ocrx_word' id='word_1_298' title='bbox 473 3504 495 3547; x_wconf 74' lang='lat' dir='ltr'><strong><em>V</em></strong></span> <span class='ocrx_word' id='word_1_299' title='bbox 544 3499 578 3548; x_wconf 92' lang='grc'>22</span> <span class='ocrx_word' id='word_1_300' title='bbox 597 3494 695 3562; x_wconf 79' lang='lat' dir='ltr'>ignota</span> <span class='ocrx_word' id='word_1_301' title='bbox 713 3505 734 3546; x_wconf 76' lang='lat' dir='ltr'>u</span> <span class='ocrx_word' id='word_1_302' title='bbox 790 3498 823 3546; x_wconf 89' lang='grc'>23</span> <span class='ocrx_word' id='word_1_303' title='bbox 842 3494 1008 3560; x_wconf 81' lang='lat' dir='ltr'>perveniunt</span> <span class='ocrx_word' id='word_1_304' title='bbox 1026 3505 1052 3547; x_wconf 75' lang='lat'><em>1</em></span> 
     </span>
    </p>
   </div>
   <div class='ocr_carea' id='block_1_6' title="bbox 0 0 1220 3952">
    <p class='ocr_par' dir='ltr' id='par_1_9' title="bbox 0 0 1220 3952">
     <span class='ocr_line' id='line_1_37' title="bbox 0 0 1220 3952; baseline 0 0"><span class='ocrx_word' id='word_1_305' title='bbox 0 0 1220 3952; x_wconf 95' lang='lat' dir='ltr'> </span> 
     </span>
    </p>
   </div>
  </div>
 </body>
</html>
