2430 3952
378 211 684 272 DECLAMATIONES
703 213 882 285 XVIHJXIX.
1076 216 1142 281 42?

123 382 270 457 respondi.
312 383 356 440 M.
377 401 394 438 o
415 399 504 455 quarn
523 399 618 457 prava
637 383 803 457 responsio!
841 381 933 458 quid?
957 383 983 442 si
1002 385 1142 444 innocens

124 475 197 528 erat.
243 471 276 528 P.
296 469 389 545 quid?
413 489 451 528 an
470 471 630 543 innocens,
643 471 669 530 si
688 471 772 530 aliud
794 472 930 531 omnibus
949 472 1064 548 liquet?
1096 475 1142 533 M.

124 561 201 632 date,
224 559 256 616 P.
278 557 318 633 0.,
342 559 419 633 date,
443 559 540 618 verbis
564 578 601 618 an
625 559 713 620 rebus
735 561 932 620 examinanda
956 565 1001 620 est
1022 563 1142 624 veritas.

123 668 276 724 nunquam
298 667 384 707 reum
402 648 513 707 facient
535 648 626 707 verba
645 668 733 724 quem
756 668 802 709 res
824 652 892 725 ipsa
911 650 1047 710 absolvit.
1090 671 1144 711 cur

97 738 219 797 sfilium
242 736 398 796 occidisti?
437 739 471 795 P.
492 739 562 812 quia
585 736 732 812 amabam,
756 758 816 798 non
837 740 954 814 osculis,
978 759 1039 798 non
1061 740 1142 800 infir-

122 828 236 900 mitate,
259 846 319 886 non
337 826 478 899 lacrimis,
501 826 553 885 sed
570 826 692 902 viribus,
716 827 827 902 dolore,
850 829 1004 904 patientia.
1047 830 1143 905 eripui

122 916 265 990 malitiae,
290 916 400 975 abstuli
417 916 568 975 infamiae.
610 936 696 976 nemo
715 917 811 979 filium
829 935 916 976 sumn
940 918 1007 977 odio
1025 918 1142 978 occidit.

122 1007 244 1064 maioris
268 1005 390 1064 effectus
420 1007 466 1064 est
492 1005 588 1064 filium
618 1006 751 1065 occidere
775 1024 865 1082 quam
894 1007 1055 1067 vindicare.
1095 1009 1141 1068 M

119 1093 216 1170 quid?
246 1095 325 1170 quod
343 1094 417 1153 dicit
435 1097 544 1152 mater:
568 1096 677 1168 amavi,
696 1095 777 1170 quod
795 1099 895 1170 pater:
919 1094 1033 1155 occidi?
1063 1115 1142 1156 mors

81 1206 108 1244 10
122 1188 152 1242 et
176 1203 259 1243 amor
281 1203 342 1242 non
360 1185 548 1242 conveniunt.
590 1184 674 1242 nefas
693 1186 739 1244 est
757 1188 917 1260 utrumque
940 1185 1142 1245 innocentiam

121 1275 242 1348 putare,
265 1273 349 1331 nefas
373 1275 418 1332 est
441 1275 602 1346 utrumque
625 1272 688 1334 filio
712 1272 825 1332 debere.
873 1293 925 1333 cur
947 1273 1040 1332 filium
1066 1275 1141 1334 occi·

122 1360 215 1421 disti?
255 1363 288 1419 P.
308 1361 353 1421 vis
384 1363 458 1420 scire
490 1359 641 1420 breviter?
688 1363 759 1438 quia
786 1382 847 1421 non
877 1365 996 1439 poterat
1025 1365 1053 1421 ei
1084 1365 1142 1422 nisi

121 1453 216 1512 morte
240 1449 380 1510 nuenarii.
422 1451 468 1509 vis
488 1448 590 1509 aliud?
632 1469 669 1509 ne
687 1470 718 1511 se
737 1452 835 1526 ipsum
854 1452 1009 1527 occideret,
1033 1454 1060 1512 si
1082 1472 1142 1512 non

121 1539 241 1614 sufficit,
265 1541 336 1615 quia
358 1540 391 1597 in
409 1538 505 1598 filium
522 1539 604 1614 patri
622 1539 702 1598 vitae
721 1541 860 1615 necisque
882 1541 1041 1600 arbitrium
1064 1560 1142 1600 com-

80 1648 107 1689 15
121 1632 245 1688 missum
264 1631 316 1689 est.
358 1630 403 1687 M
423 1631 495 1687 esto.
538 1628 589 1688 sed
606 1648 660 1704 per
678 1629 767 1688 fidem
784 1632 982 1704 ‚paternitatis
1006 1649 1066 1705 oro,
1090 1650 1143 1691 cur

121 1721 185 1794 ipse
217 1716 373 1778 occidisti?
420 1719 454 1777 P.
472 1736 543 1793 pers
573 1719 680 1779 secreti
709 1719 781 1791 fuit,
812 1720 846 1777 ut
875 1721 940 1794 ipse
969 1720 1141 1780 occiderem.

120 1809 166 1867 M.
185 1808 270 1865 dono.
312 1827 365 1866 cur
388 1807 516 1879 veroid,
541 1807 621 1881 quod
637 1808 705 1881 ipsa
723 1809 819 1865 morte
842 1809 989 1867 crudelius
1013 1811 1067 1882 est,
1091 1828 1143 1868 cur

120 1896 256 1956 torsisti?
301 1897 334 1954 P.
354 1899 389 1954 ut
414 1897 580 1954 invenirem
604 1896 677 1971 quid
700 1897 855 1955 crederem.
897 1899 942 1957 M.
963 1896 1056 1973 quid?
1096 1900 1142 1957 vis

115 1988 195 2045 scire
233 1985 306 2061 quid
340 1986 472 2060 primum
513 1983 628 2044 facias?
669 2004 818 2045 sermones
855 1986 991 2059 observa,
1029 1990 1142 2048 secreta

78 2096 107 2136 so
121 2076 245 2149 custodi,
268 2076 330 2135 dies
349 2077 510 2149 noctesque
531 2076 671 2135 scrutare.
714 2075 788 2149 quid
809 2074 867 2134 tibi
885 2095 953 2135 cum
975 2075 1143 2151 supremis?
1197 2136 1198 2140 ,

121 2165 246 2224 Excedit
264 2183 383 2223 omnem
400 2163 564 2224 stultitiam
582 2166 730 2238 torquere,
753 2165 788 2222 nt
807 2165 882 2225 scias
902 2184 941 2223 an
958 2166 1141 2240 torquendus

121 2256 167 2312 sit.
209 2255 357 2313 incestum
383 2254 445 2312 iam
477 2252 579 2313 credas
609 2255 741 2328 oportet,
772 2256 807 2311 ut
834 2256 996 2340 torqueas„
1024 2255 1058 2314 P.
1072 2275 1142 2314 non

121 2346 185 2402 erat
208 2345 371 2402 maximum
398 2343 514 2402 facinus
543 2344 716 2402 aminirnis
743 2343 963 2418 inquirendum.
1004 2344 1074 2402 inde
1096 2347 1141 2402 in-

121 2432 291 2507 cipiendum
320 2430 399 2489 unde
428 2431 537 2491 valeat.
579 2432 625 2490 M.
652 2433 798 2504 omnium,
832 2431 863 2489 P.
889 2430 929 2505 O,
958 2434 1142 2491 incertorum

80 2540 106 2580 25
122 2521 303 2594 suspiciones
327 2539 345 2578 a
368 2520 540 2594 corporibus
570 2522 698 2595 pessime
725 2522 887 2595 incipiunt3
917 2540 971 2580 neo
998 2524 1078 2580 recte
1106 2522 1142 2580 de

121 2609 253 2668 moribus
283 2609 369 2666 illam
401 2611 519 2683 partem
552 2610 718 2686 interroges
748 2628 825 2684 quae
855 2628 915 2668 non
948 2609 1060 2670 iudicio
1091 2611 1143 2669 sed

121 2698 219 2756 dolori
240 2696 407 2772 respondet.
449 2697 500 2756 sed
523 2697 612 2757 fidem
634 2698 802 2771 hominum,
834 2718 887 2757 cur
909 2697 1051 2774 torques?
1096 2701 1141 2760 in-

122 2789 235 2846 cestum
258 2788 285 2845 si
307 2805 367 2844 non
391 2785 495 2859 credis,
517 2788 657 2862 torquere
680 2805 740 2845 non
763 2787 865 2861 debes,
889 2789 915 2846 si
938 2787 1042 2860 credis,
1066 2791 1140 2847 occi-

121 2878 197 2936 dere.
238 2876 272 2934 P.
287 2876 401 2934 rumori
414 2875 585 2935 satisfacere
604 2876 694 2934 volni.
731 2877 777 2934 Μ.
791 2874 896 2936 itane?
937 2876 1024 2951 atqui
1042 2896 1142 2937 coram

79 2988 107 3028 ao
122 2966 257 3025 omnibus
280 2964 463 3039 torquendus
487 2966 545 3037 est,
568 2964 604 3023 de
628 2983 686 3039 quo
710 2965 874 3040 loquuntur
898 2985 1007 3026 omnes.
1048 2985 1141 3027 secre-

121 3058 187 3114 tum
210 3054 394 3130 quaestionis
421 3072 476 3112 nec
503 3055 616 3113 incesto
644 3053 768 3113 debetur
790 3053 866 3128 filio,
896 3074 950 3115 neo
980 3057 1140 3116 innocenti.

120 3147 273 3219 praestare
296 3142 384 3202 debes
409 3145 462 3202 aut
484 3142 555 3215 tibi,
585 3144 612 3202 si
634 3143 785 3203 confessus
809 3143 914 3216 fuerit,
945 3147 998 3202 aut
1020 3143 1092 3217 filio,
1115 3147 1142 3204 si

1097 3344 1131 3356 ..ι

122 3431 124 3436 .
156 3435 157 3439 ,
193 3384 293 3438 ‘celiis
317 3394 345 3438 ιι
453 3384 583 3439 4verba·
597 3401 648 3438 our.
673 3393 718 3436 w
750 3431 753 3436 .
824 3401 907 3452 quem
933 3387 1002 3440 Boe:
1027 3402 1099 3455 quae
1118 3408 1140 3438 ω

122 3455 237 3522 aquia:
257 3455 331 3524 quod
351 3465 373 3507 l*
442 3455 578 3509 tembui
595 3464 641 3509 ΥΒ
712 3454 887 3524 9quidquid
901 3477 924 3508 ω
996 3456 1068 3512 dicis
1081 3479 1105 3510 ω

120 3526 207 3581 matri
229 3536 282 3580 VB.
340 3526 473 3597 quido.
515 3531 549 3581 10
568 3528 816 3594 utrumque-*est
834 3537 950 3585 oraru
1013 3534 1044 3584 17
1057 3528 1141 3596 quod

120 3601 190 3654 Ba:
210 3614 296 3666 quom
315 3619 337 3650 ω
410 3603 444 3652 25
463 3600 552 3652 recte:
571 3599 647 3652 certe
667 3607 694 3653 Β
766 3602 800 3652 30
819 3598 980 3655 hominibus
1000 3609 1040 3656 ιι,
1120 3617 1128 3654 ’.
