2430 3952
385 217 619 275 DECLAMATIO
638 219 703 274 VIII
717 225 750 273 22
768 219 807 272 IX
823 226 845 273 1.
1059 218 1121 283 167

585 493 644 567 IX.

472 653 755 727 GLADIATOR.

107 854 269 913 annnam
292 873 332 911 nn
359 870 518 912 nuovsaan
541 869 662 910 monas.
708 851 851 928 Pauperis
879 854 909 911 et
932 853 1034 912 diuitis
1062 855 1119 912 ini-

151 945 295 1002 micorum
321 943 378 1001 filii
403 944 525 1002 iuvenes
553 943 643 1000 amici
673 943 765 1000 erant.
810 941 890 1000 filius
919 942 1021 1002 divitis
1052 962 1119 1001 curn

80 1055 92 1096 a
150 1034 183 1091 in
204 1033 318 1109 piratas
341 1032 502 1105 incidisset,
526 1032 646 1107 scripsit
663 1033 744 1106 patri
762 1031 798 1089 de
816 1031 1027 1107 redemptione.
1064 1033 1117 1090 illo

150 1124 285 1180 morante
317 1122 467 1197 profectus
494 1121 633 1196 pauperis
660 1119 752 1194 filius,
785 1139 853 1178 cum
880 1122 1009 1179 amicum
1039 1122 1119 1197 apud

149 1212 263 1287 piratas
286 1230 346 1269 non
368 1211 543 1284 invenisset,
568 1211 639 1284 quia
661 1209 788 1268 lanistae
811 1211 958 1284 venierat,
981 1213 1118 1286 peruenit

149 1301 181 1358 in
200 1301 363 1374 civitatem,
380 1301 413 1357 in
427 1318 487 1374 qua
499 1318 606 1358 munus
620 1299 792 1374 parabatur,
811 1298 865 1358 sub
883 1300 1000 1374 tempus
1019 1302 1118 1376 ipsum

149 1408 207 1464 quo
231 1390 417 1467 pugnaturus
440 1389 505 1446 erat
527 1388 629 1447 divitis
652 1386 739 1446 filius.
776 1391 881 1462 pactus
900 1390 946 1447 est
963 1407 1031 1447 cum
1052 1409 1116 1448 mu-

149 1480 266 1537 nerario
289 1496 403 1554 pauper
426 1477 608 1551 adolescens,
636 1478 670 1533 ut
692 1478 812 1536 vicariis
836 1478 933 1552 operis
958 1477 1116 1537 redimeret

149 1568 286 1641 amicum,
308 1568 457 1643 petitque,
479 1567 526 1640 ut,
550 1567 576 1625 si
599 1567 698 1642 egerat
720 1584 834 1641 pauper
855 1567 950 1641 pater,
974 1567 1116 1626 alimenta

149 1657 176 1714 ei
198 1658 372 1732 praestaret.
417 1657 481 1731 ipse
503 1657 536 1712 in
558 1674 659 1732 pugna
682 1656 794 1714 occisus
819 1656 870 1713 est.
911 1655 1013 1714 divitis
1036 1655 1115 1714 filius

141 1764 281 1822 ,reversus
301 1747 436 1823 egentem
453 1746 569 1802 inuenit
586 1762 754 1820 pauperem.
791 1744 893 1819 palam
911 1746 1009 1820 coepit
1028 1746 1114 1804 alere.

149 1833 311 1895 abdicatur.

62 2053 89 2093 ιι
113 2104 118 2112 Ι
169 2029 326 2089 Nemmem
352 2049 496 2105 unquam,
528 2030 653 2103 indicae,
680 2030 761 2087 intra
788 2031 852 2088 tam
883 2029 971 2088 breve
1004 2032 1147 2090 aetatIsl

103 2137 173 2177 suae
196 2120 328 2194 spatium
354 2119 442 2194 plura
464 2121 545 2177 terra
567 2120 702 2194 marique
729 2137 902 2194 perpessum
925 2139 1015 2194 quam
1038 2139 1113 2196 quae

102 2208 238 2283 proxima
264 2209 504 2286 peregrinatione
532 2208 580 2266 vel
610 2207 669 2265 tuli
695 2207 743 2266 uel
774 2209 863 2267 timui
891 2209 939 2268 vel
966 2209 1041 2284 vidI,
1070 2211 1113 2268 fa-

102 2297 176 2370 cilis,
199 2300 234 2355 ut
256 2299 369 2373 opinor,
392 2296 464 2356 fides
487 2299 540 2370 est,
564 2315 631 2355 cum
654 2316 688 2355 ex
712 2297 847 2356 omnibus
871 2318 944 2373 quos
967 2300 1113 2373 novimus,

102 2385 278 2445 mortalibus
310 2405 386 2446 unus
418 2387 566 2444 nominari
593 2406 640 2444 me
668 2387 804 2444 miserior
830 2389 925 2462 possit
953 2407 1038 2462 quem
1067 2389 1112 2446 in-

60 2498 88 2538 ao
101 2474 218 2533 felicem
251 2494 304 2553 ego
334 2476 399 2534 feci.
445 2477 546 2534 tamen
572 2476 605 2532 in
634 2475 690 2533 hac
720 2495 837 2551 quoque
867 2478 968 2534 omnia
997 2479 1112 2554 excogi-

18 2605 24 2614 .
100 2565 194 2622 tantis
221 2565 254 2621 in
280 2583 327 2623 me
354 2564 493 2623 fortunae
515 2565 660 2622 violentia
687 2562 828 2623 confiteor
854 2584 1007 2640 nunquam
1034 2567 1112 2625 huno

100 2672 147 2711 me
162 2655 328 2729 concepisse
342 2654 441 2712 animo
456 2655 577 2727 metum,
596 2673 633 2712 ne
646 2654 715 2728 post
728 2653 914 2729 redemptum
931 2673 985 2729 per
1000 2655 1111 2714 alienas

101 2823 208 2891 (emotae
230 2822 382 2893 gladiator)
454 2821 578 2890 Explicit
599 2822 706 2892 gemini
723 2822 897 2890 languentes.
926 2823 1028 2892 incipit
1046 2839 1112 2894 eger

99 2893 272 2947 redimentes
290 2897 376 2949 micio
390 2896 469 2963 ptoto
486 2903 515 2946 P
582 2895 743 2962 subscriptio
762 2895 834 2948 deest
850 2895 882 2946 ia
900 2903 920 2946 s

172 2970 187 3018 2
211 2964 396 3019 Gladiators
487 2970 502 3017 3
522 2971 587 3034 post
607 2965 693 3019 liceat
715 2965 918 3034 Argumentum
941 2966 1040 3030 addc

100 3035 265 3106 4iu3venes
284 3047 305 3089 V
355 3036 432 3090 dives
451 3035 526 3089 filius
539 3047 563 3088 J
615 3042 818 3102 Sunus15‚m
834 3037 1114 3104 supr.a;minus11

101 3113 133 3160 11
156 3106 296 3176 petiitque
315 3121 336 3161 o
405 3112 437 3160 12
462 3108 508 3178 εξ
524 3117 551 3161 Β
619 3113 653 3160 14
673 3113 738 3176 poet
755 3107 903 3161 abdicatur
921 3108 985 3161 add.
1001 3117 1034 3160 M
1048 3108 1110 3161 ΕΧ-

100 3180 178 3251 PLId
196 3185 386 3251 1211111011)
405 3194 611 3250 OLADIATOR
629 3197 715 3250 otiolo
729 3197 820 3265 ptcta,
838 3198 869 3250 ia
887 3214 972 3268 morp.
993 3195 1110 3250 CAVSA

99 3282 305 3391 ffimioiatcrk
324 3321 426 3376 Divitis
444 3321 518 3374 filius
537 3321 598 3391 agit
617 3334 632 3385 β
650 3322 745 3391 (micio
760 3322 793 3390 Β)

171 3399 204 3448 15
223 3393 376 3447 neminium
394 3402 436 3461 Β;,
451 3409 532 3446 nemo
552 3401 584 3444 M
665 3408 790 3461 unquam
812 3410 862 3447 can.
877 3402 905 3446 Β
988 3393 1038 3445 iud
1057 3410 1109 3446 un-

98 3479 183 3532 quam
203 3476 223 3517 o
280 3469 312 3518 16
330 3465 472 3532 marisque
490 3479 637 3532 perpessus
656 3472 689 3515 M
748 3469 780 3518 19
798 3463 965 3518 mortalibus
983 3480 1018 3517 ne
1036 3481 1108 3518 unus

98 3544 136 3602 Β,
155 3553 191 3591 m.
210 3553 237 3590 u.
256 3557 289 3588 m
360 3541 393 3589 22
412 3536 505 3589 animo
524 3551 585 3588 meo
605 3537 710 3588 metum
728 3546 752 3587 J
812 3552 920 3589 mecum
940 3545 966 3588 P
1026 3537 1115 3603 post{

98 3607 297 3676 ssmmv
