2430 3952
345 205 650 264 uaesanamouas
669 207 715 261 XI.
733 205 792 262 XII.
1011 208 1075 271 411

63 379 307 454 promoveamini.
352 377 382 437 0.
397 379 472 454 proh
490 377 587 436 dolor!
610 395 669 436 non
688 379 746 437 nisi
763 379 827 436 iure
843 379 1006 436 irascemur
1024 378 1077 453 qui

65 469 169 525 contra
186 466 232 526 ins
246 465 397 526 viximus?
429 467 467 525 L.
483 465 641 542 quisquam
654 468 717 525 sine
730 467 847 526 ratione
865 464 1077 525 damnabitur?

66 555 97 614 0.
114 556 263 615 rationem
281 557 399 631 quaerit
418 555 469 631 qui
488 575 588 614 omnes
606 572 660 614 nos
678 556 866 615 irrationales
883 553 976 614 fecit?
1011 555 1075 613 red·

63 645 169 703 damne
193 644 273 720 quod
294 645 370 703 milri
393 642 567 703 abstulisti?
606 644 743 720 Lquod
770 643 865 703 IIbens
895 645 1076 721 legationem

32 755 48 793 1
64 733 150 808 subii,
171 732 301 810 puniar?
345 733 376 793 0.
396 735 483 808 atqui
505 733 593 792 multi
612 751 643 792 se
666 732 838 807 offerebant,
861 733 940 792 solus
962 735 992 791 te
1017 733 1077 791 cito

63 842 248 882 reversurum
276 822 481 898 promittebas.
527 823 566 881 L.
587 822 720 899 legatum
749 841 795 881 me
818 822 938 882 fecistis.
979 821 1076 880 redeo.

65 911 95 971 0.
115 931 132 970 o
154 912 244 970 nimis
266 911 400 970 invidam
421 911 616 989 legationem,
643 911 669 969 si
691 914 721 970 te
744 929 762 969 a
785 912 863 969 fame
887 911 1012 984 dimisit,
1041 914 1076 969 ut

62 1021 121 1076 per·
136 1003 166 1060 te
189 1001 269 1059 fame
291 1000 409 1076 periret.
450 1000 487 1058 L.
508 1019 562 1076 pro
585 1000 734 1058 frumento
757 999 832 1058 illud
853 999 957 1058 habeo.
993 998 1024 1057 0.
1044 1002 1076 1057 at

63 1103 116 1167 ego
138 1090 283 1166 populum
312 1108 372 1148 non
399 1089 502 1147 habeo
542 1089 580 1147 L.
599 1090 695 1165 magis
724 1107 831 1148 nocens
860 1107 909 1148 ero
940 1108 973 1147 eo
997 1089 1076 1163 quod

21 1199 49 1239 ro
64 1176 173 1237 attuli?
215 1177 246 1237 0.
266 1183 343 1237 certe
366 1179 463 1255 magis
486 1197 520 1236 eo
544 1176 624 1254 qnod
646 1179 743 1255 magis
761 1179 947 1254 poenitentes
970 1177 1075 1236 fecisti.

62 1267 147 1342 potui
177 1268 242 1325 heri
275 1287 335 1326 non
365 1266 533 1326 comedisse.
581 1267 619 1325 L.
643 1286 716 1325 num
751 1267 907 1342 quisquam
937 1266 1076 1326 irascitur

63 1356 142 1431 quod
164 1356 289 1432 duplum
313 1354 442 1432 recipit?
484 1355 515 1415 0.
535 1355 706 1414 maluissem
736 1355 892 1413 dimidium
921 1349 1074 1433 recepisse.

62 1445 186 1504 callidus
209 1446 379 1522 negotiator
400 1445 496 1520 perire
514 1445 733 1519 rempublicam
750 1443 929 1519 locupletem
951 1446 1074 1503 mavult

62 1553 114 1592 eur
137 1536 237 1592 autem
260 1553 320 1592 non
347 1531 536 1609 quadruplo?
582 1534 619 1591 L.
638 1552 698 1591 non
719 1534 813 1607 potui.
862 1533 892 1593 0.
912 1534 937 1591 si
961 1533 1000 1591 ad
1022 1552 1075 1592 nos

20 1644 47 1684 rs
63 1624 267 1697 ammovisses,
298 1623 458 1698 quincuplo
480 1621 670 1681 vendidIsses.
716 1641 776 1680 non
799 1624 862 1680 tam
885 1639 951 1680 care
974 1626 1076 1697 empta

63 1731 152 1786 quam
170 1714 339 1787 exspectata
358 1715 410 1771 est.
438 1710 537 1787 ,atqui
553 1729 608 1770 nos
626 1713 795 1769 antecessus
813 1710 995 1769 dederamus.
1037 1712 1074 1768 L.

62 1819 131 1878 ergo
155 1820 209 1878 ego
232 1801 309 1859 male
339 1799 416 1878 gessi
438 1799 618 1878 legationem
648 1803 678 1859 et
706 1801 811 1858 fateor.
854 1798 1075 1858 (111111111-

61 1891 174 1948 sionem
202 1889 383 1966 reipublicae
413 1890 445 1946 in
474 1890 571 1966 legem
599 1889 676 1947 male
706 1890 807 1966 gestae
837 1887 996 1966 legationis
1026 1888 1075 1946 de·

61 1978 162 2037 flectis.
208 1979 362 2054 numquid,
385 1978 411 2036 si
433 1979 550 2055 legatus
568 1977 661 2052 fuisti
684 1977 751 2036 ideo
774 1978 818 2036 rei
841 1995 931 2052 quam
953 1979 1075 2052 tractas,

21 2087 48 2128 so
62 2069 188 2126 materia
221 2065 319 2144 perit?
367 2068 529 2127 laesionem
562 2066 743 2142 reipublicae
778 2085 928 2144 cognosce.
977 2067 1014 2125 L.
1036 2068 1075 2124 si-

62 2157 182 2232 quidem
206 2176 240 2215 es
262 2176 310 2215 me
334 2159 386 2217 est.
418 2157 469 2216 sed
488 2175 640 2231 nunquam
661 2174 728 2214 mea
746 2156 835 2231 cnlpa
852 2155 946 2215 fames
969 2157 1074 2232 coepit.

63 2244 94 2304 Ο.
110 2245 161 2304 sed
173 2247 356 2304 titubantem
369 2245 513 2320 stravisti,
530 2245 719 2303 vulneratum
732 2245 886 2322 iugulasti.
929 2245 966 2303 L.
981 2245 1074 2305 fames

60 2335 197 2393 fortunae
220 2334 396 2411 imputanda
419 2337 471 2394 est.
520 2332 551 2394 0.
570 2337 649 2393 reete
672 2335 769 2410 prima
792 2333 852 2408 illi,
879 2332 987 2392 ultima
1009 2334 1073 2392 tibi.

61 2423 173 2498 Livi,
196 2422 284 2482 redii:
307 2423 394 2483 citius
412 2442 472 2483 non
491 2423 584 2500 potui.
628 2423 659 2483 0.
678 2423 724 2482 bis
744 2423 851 2496 emisti,
875 2423 965 2481 semel
983 2423 1075 2499 duplo

20 2532 47 2572 aa
62 2511 232 2586 vendidisti,
255 2531 314 2570 non
332 2512 408 2571 fiunt
425 2514 498 2570 haec
517 2513 584 2572 aito.
622 2513 658 2570 L.
678 2514 856 2587 tempestate
875 2511 981 2570 ductus
1000 2530 1073 2569 sum.

64 2598 94 2659 C.
114 2619 132 2659 o
153 2603 362 2674 tempestatem
379 2601 436 2659 tibi
458 2599 620 2660 subditaml
643 2601 783 2660 onustum
801 2600 840 2658 ad
862 2600 972 2658 famem
994 2600 1075 2673 tulit,

62 2691 251 2748 exoneratum
281 2689 319 2748 ad
349 2688 570 2749 abundantiam.
612 2708 663 2749 cur
693 2691 793 2747 autem
823 2689 926 2747 eadem
955 2689 994 2747 ad
1017 2708 1075 2747 nos

61 2779 164 2854 aliqua
187 2796 246 2837 non
270 2776 404 2854 appulit?
444 2778 519 2836 La
541 2778 638 2837 ventis
661 2797 778 2853 quaere.
811 2776 960 2836 ¹0.1·aae.
1003 2779 1075 2854 quid

60 2869 91 2926 in
120 2886 197 2926 nave
220 2866 365 2944 fremetis,
394 2867 427 2924 in
453 2867 524 2925 fune
550 2866 688 2944 rupistis,
717 2869 750 2925 in
778 2867 845 2925 velo
871 2865 1012 2941 scidistis,
1040 2870 1074 2926 in

20 2977 48 3016 eo
61 2957 161 3017 tritico
194 2955 364 3015 excussistis
395 2953 499 3015 venti?
547 2956 584 3014 L.
611 2958 696 3014 certe.
749 2955 801 3014 sed
823 2956 964 3019 restituta
996 2959 1072 3015 sunt.
1145 3025 1150 3034 Ι

61 3175 96 3213 ne
105 3160 282 3214 incommoda
291 3160 461 3213 examinatio
470 3160 595 3214 iudicum
606 3159 796 3214 sinceritatem
811 3159 927 3214 alliciat.
959 3162 1073 3229 pactum

60 3248 115 3285 non
135 3247 230 3285 casum
249 3233 382 3300 spectate.
414 3231 511 3300 itaque
582 3231 625 3285 id:
644 3231 702 3285 iam
724 3241 769 3284 VB

133 3310 147 3356 1
166 3318 217 3371 pro
235 3303 342 3371 pudore
362 3313 389 3357 R
475 3309 490 3357 3
509 3302 717 3357 irrationabiles
735 3312 812 3356 11711
883 3309 897 3355 7
918 3303 1007 3356 omnis
1030 3312 1075 3355 VB

61 3373 260 3442 repoenitens
287 3383 332 3426 VB
437 3380 468 3427 11
492 3392 571 3428 num:
595 3390 651 3428 non
676 3382 753 3428 nvn
851 3380 883 3427 13
903 3374 1041 3428 calcidae
1056 3384 1078 3426 ν

61 3449 97 3497 lt
114 3445 306 3531 admonuisset
328 3454 374 3499 VB
463 3451 495 3500 16
513 3444 741 3500 desiderabamus
760 3454 805 3498 VB
894 3450 926 3499 18
944 3444 991 3515 leg
992 3461 1008 3499 e
1016 3453 1075 3497 vn

60 3515 122 3569 24
110 3516 164 3572 ivi:
181 3515 229 3569 lni
249 3524 326 3571 m
413 3521 448 3572 28
466 3516 526 3586 aliq
525 3516 620 3571 nando
640 3525 667 3570 11
757 3516 842 3569 29111
865 3516 926 3571 velo
950 3464 1074 3570 scidistis

59 3603 110 3643 orn.
125 3597 153 3641 P
223 3586 331 3643 cidistis
352 3595 400 3642 vt
469 3593 504 3642 80
506 3534 690 3645 qcxonstisl’
1008 3626 1011 3631 -
1040 3626 1042 3630 .
