<?xml version="1.0" encoding="UTF-8"?>
<!DOCTYPE html PUBLIC "-//W3C//DTD XHTML 1.0 Transitional//EN"
    "http://www.w3.org/TR/xhtml1/DTD/xhtml1-transitional.dtd">
<html xmlns="http://www.w3.org/1999/xhtml" xml:lang="en" lang="en">
 <head>
  <title>
</title>
<meta http-equiv="Content-Type" content="text/html;charset=utf-8" />
  <meta name='ocr-system' content='tesseract 3.04.00' />
  <meta name='ocr-capabilities' content='ocr_page ocr_carea ocr_par ocr_line ocrx_word'/>
</head>
<body>
  <div class='ocr_page' id='page_1' title='image "./qvintilianiqvae00quingoog_0170.png"; bbox 0 0 2430 3952; ppageno 0'>
   <div class='ocr_carea' id='block_1_1' title="bbox 358 200 1068 269">
    <p class='ocr_par' dir='ltr' id='par_1_1' title="bbox 358 200 1068 269">
     <span class='ocr_line' id='line_1_1' title="bbox 358 200 1068 269; baseline 0.023 -15"><span class='ocrx_word' id='word_1_1' title='bbox 358 200 593 257; x_wconf 74' lang='lat' dir='ltr'><strong>Ducuuuuulo</strong></span> <span class='ocrx_word' id='word_1_2' title='bbox 611 202 650 256; x_wconf 90' lang='lat' dir='ltr'><strong>V1</strong></span> <span class='ocrx_word' id='word_1_3' title='bbox 663 209 775 257; x_wconf 77' lang='lat' dir='ltr'><strong>ao-sa.</strong></span> <span class='ocrx_word' id='word_1_4' title='bbox 1006 206 1068 269; x_wconf 79' lang='lat'><strong>131</strong></span> 
     </span>
    </p>
   </div>
   <div class='ocr_carea' id='block_1_2' title="bbox 17 371 1122 2936">
    <p class='ocr_par' dir='ltr' id='par_1_2' title="bbox 17 371 1122 2936">
     <span class='ocr_line' id='line_1_2' title="bbox 62 371 1071 449; baseline 0.002 -18"><span class='ocrx_word' id='word_1_5' title='bbox 62 371 167 431; x_wconf 84' lang='lat' dir='ltr'><strong>redimi</strong></span> <span class='ocrx_word' id='word_1_6' title='bbox 187 374 297 447; x_wconf 83' lang='lat' dir='ltr'><strong>posset</strong></span> <span class='ocrx_word' id='word_1_7' title='bbox 334 390 380 429; x_wconf 90' lang='lat' dir='ltr'><strong>me</strong></span> <span class='ocrx_word' id='word_1_8' title='bbox 403 372 555 431; x_wconf 82' lang='lat' dir='ltr'><strong>miserum!</strong></span> <span class='ocrx_word' id='word_1_9' title='bbox 578 371 735 431; x_wconf 82' lang='lat' dir='ltr'><strong>dicendum</strong></span> <span class='ocrx_word' id='word_1_10' title='bbox 757 376 811 447; x_wconf 82' lang='lat' dir='ltr'><strong>est,</strong></span> <span class='ocrx_word' id='word_1_11' title='bbox 834 373 913 448; x_wconf 91' lang='lat' dir='ltr'><strong>quod</strong></span> <span class='ocrx_word' id='word_1_12' title='bbox 931 374 988 434; x_wconf 88' lang='lat' dir='ltr'><strong>hoo</strong></span> <span class='ocrx_word' id='word_1_13' title='bbox 1005 376 1071 449; x_wconf 84' lang='lat' dir='ltr'><strong>ipso</strong></span> 
     </span>
     <span class='ocr_line' id='line_1_3' title="bbox 62 460 1070 536; baseline 0.002 -17"><span class='ocrx_word' id='word_1_14' title='bbox 62 460 221 520; x_wconf 81' lang='lat' dir='ltr'><strong>admoneor</strong></span> <span class='ocrx_word' id='word_1_15' title='bbox 248 461 395 535; x_wconf 87' lang='lat' dir='ltr'><strong>exemplo,</strong></span> <span class='ocrx_word' id='word_1_16' title='bbox 423 460 455 518; x_wconf 92' lang='lat' dir='ltr'><strong>in</strong></span> <span class='ocrx_word' id='word_1_17' title='bbox 477 462 588 518; x_wconf 91' lang='lat' dir='ltr'><strong>honore</strong></span> <span class='ocrx_word' id='word_1_18' title='bbox 609 461 732 536; x_wconf 85' lang='lat' dir='ltr'><strong>pietatis</strong></span> <span class='ocrx_word' id='word_1_19' title='bbox 755 463 847 519; x_wconf 83' lang='lat' dir='ltr'><strong>etium</strong></span> <span class='ocrx_word' id='word_1_20' title='bbox 869 461 1004 521; x_wconf 83' lang='lat' dir='ltr'><strong>damnati</strong></span> <span class='ocrx_word' id='word_1_21' title='bbox 1027 482 1070 523; x_wconf 89' lang='lat' dir='ltr'><strong>se·</strong></span> 
     </span>
     <span class='ocr_line' id='line_1_4' title="bbox 60 549 787 627; baseline -0.001 -19"><span class='ocrx_word' id='word_1_22' title='bbox 60 550 220 627; x_wconf 85' lang='lat' dir='ltr'><strong>peliuntur.</strong></span> <span class='ocrx_word' id='word_1_23' title='bbox 266 549 341 607; x_wconf 84' lang='lat' dir='ltr'><strong>heae</strong></span> <span class='ocrx_word' id='word_1_24' title='bbox 363 549 417 607; x_wconf 87' lang='lat' dir='ltr'><strong>alii</strong></span> <span class='ocrx_word' id='word_1_25' title='bbox 438 549 572 623; x_wconf 85' lang='lat' dir='ltr'><strong>laudant,</strong></span> <span class='ocrx_word' id='word_1_26' title='bbox 595 567 649 626; x_wconf 86' lang='lat' dir='ltr'><strong>ego</strong></span> <span class='ocrx_word' id='word_1_27' title='bbox 672 568 787 624; x_wconf 90' lang='lat' dir='ltr'><strong>queror.</strong></span> 
     </span>
     <span class='ocr_line' id='line_1_5' title="bbox 124 636 1122 714; baseline -0.002 -17"><span class='ocrx_word' id='word_1_28' title='bbox 124 638 169 697; x_wconf 76' lang='lat' dir='ltr'><strong>&#39;l&#39;e</strong></span> <span class='ocrx_word' id='word_1_29' title='bbox 190 636 325 714; x_wconf 85' lang='lat' dir='ltr'><strong>quidem,</strong></span> <span class='ocrx_word' id='word_1_30' title='bbox 350 638 479 712; x_wconf 82' lang='lat' dir='ltr'><strong>iuvenis,</strong></span> <span class='ocrx_word' id='word_1_31' title='bbox 506 638 606 696; x_wconf 87' lang='lat' dir='ltr'><strong>omnia</strong></span> <span class='ocrx_word' id='word_1_32' title='bbox 629 639 745 698; x_wconf 87' lang='lat' dir='ltr'><strong>saeoula</strong></span> <span class='ocrx_word' id='word_1_33' title='bbox 772 639 939 714; x_wconf 89' lang='lat' dir='ltr'><strong>loquentur,</strong></span> <span class='ocrx_word' id='word_1_34' title='bbox 967 642 997 698; x_wconf 92' lang='lat' dir='ltr'><strong>et</strong></span> <span class='ocrx_word' id='word_1_35' title='bbox 1019 640 1070 697; x_wconf 90' lang='lat' dir='ltr'><strong>ad·</strong></span> <span class='ocrx_word' id='word_1_36' title='bbox 1084 640 1122 695; x_wconf 73' lang='grc'><strong>22</strong></span> 
     </span>
     <span class='ocr_line' id='line_1_6' title="bbox 37 726 1073 804; baseline 0 -17"><span class='ocrx_word' id='word_1_37' title='bbox 37 726 198 787; x_wconf 78' lang='lat' dir='ltr'><strong>mirabile</strong></span> <span class='ocrx_word' id='word_1_38' title='bbox 216 727 382 802; x_wconf 87' lang='lat' dir='ltr'><strong>exemplum</strong></span> <span class='ocrx_word' id='word_1_39' title='bbox 399 727 499 785; x_wconf 82' lang='lat' dir='ltr'><strong>tenaci</strong></span> <span class='ocrx_word' id='word_1_40' title='bbox 517 728 677 786; x_wconf 86' lang='lat' dir='ltr'><strong>memoriae</strong></span> <span class='ocrx_word' id='word_1_41' title='bbox 695 727 839 786; x_wconf 84' lang='lat' dir='ltr'><strong>traditum</strong></span> <span class='ocrx_word' id='word_1_42' title='bbox 856 728 889 785; x_wconf 90' lang='lat' dir='ltr'><strong>in</strong></span> <span class='ocrx_word' id='word_1_43' title='bbox 906 729 973 804; x_wconf 89' lang='lat' dir='ltr'><strong>ipsa</strong></span> <span class='ocrx_word' id='word_1_44' title='bbox 991 732 1073 787; x_wconf 86' lang='lat' dir='ltr'><strong>astra</strong></span> 
     </span>
     <span class='ocr_line' id='line_1_7' title="bbox 57 816 1072 891; baseline -0.001 -14"><span class='ocrx_word' id='word_1_45' title='bbox 57 816 217 877; x_wconf 73' lang='lat' dir='ltr'><strong>sublimem</strong></span> <span class='ocrx_word' id='word_1_46' title='bbox 245 816 373 891; x_wconf 87' lang='lat' dir='ltr'><strong>pinnata</strong></span> <span class='ocrx_word' id='word_1_47' title='bbox 398 817 494 875; x_wconf 85' lang='lat' dir='ltr'><strong>virtus</strong></span> <span class='ocrx_word' id='word_1_48' title='bbox 521 816 604 874; x_wconf 88' lang='lat' dir='ltr'><strong>feret.</strong></span> <span class='ocrx_word' id='word_1_49' title='bbox 651 816 701 875; x_wconf 90' lang='lat' dir='ltr'><strong>sed</strong></span> <span class='ocrx_word' id='word_1_50' title='bbox 728 816 802 874; x_wconf 92' lang='lat' dir='ltr'><strong>mihi</strong></span> <span class='ocrx_word' id='word_1_51' title='bbox 833 819 893 875; x_wconf 82' lang='lat' dir='ltr'><strong>ista</strong></span> <span class='ocrx_word' id='word_1_52' title='bbox 921 817 987 875; x_wconf 88' lang='lat' dir='ltr'><strong>laus</strong></span> <span class='ocrx_word' id='word_1_53' title='bbox 1017 820 1072 876; x_wconf 82' lang='lat' dir='ltr'><strong>tna</strong></span> 
     </span>
     <span class='ocr_line' id='line_1_8' title="bbox 58 905 1071 965; baseline 0 0"><span class='ocrx_word' id='word_1_54' title='bbox 58 922 127 965; x_wconf 78' lang='lat' dir='ltr'><strong>euro</strong></span> <span class='ocrx_word' id='word_1_55' title='bbox 154 906 281 964; x_wconf 78' lang='lat' dir='ltr'><strong>oonstut</strong></span> <span class='ocrx_word' id='word_1_56' title='bbox 327 923 387 963; x_wconf 91' lang='lat' dir='ltr'><strong>non</strong></span> <span class='ocrx_word' id='word_1_57' title='bbox 414 907 478 963; x_wconf 87' lang='lat' dir='ltr'><strong>erat</strong></span> <span class='ocrx_word' id='word_1_58' title='bbox 507 906 600 964; x_wconf 87' lang='lat' dir='ltr'><strong>satius</strong></span> <span class='ocrx_word' id='word_1_59' title='bbox 627 905 737 963; x_wconf 82' lang='lat' dir='ltr'><strong>lectulo</strong></span> <span class='ocrx_word' id='word_1_60' title='bbox 766 907 871 964; x_wconf 84' lang='lat' dir='ltr'><strong>matris</strong></span> <span class='ocrx_word' id='word_1_61' title='bbox 902 905 1071 965; x_wconf 83' lang='lat' dir='ltr'><strong>incumbere</strong></span> 
     </span>
     <span class='ocr_line' id='line_1_9' title="bbox 58 992 1071 1069; baseline -0.002 -16"><span class='ocrx_word' id='word_1_62' title='bbox 58 996 88 1053; x_wconf 89' lang='lat' dir='ltr'><strong>et</strong></span> <span class='ocrx_word' id='word_1_63' title='bbox 112 995 148 1052; x_wconf 89' lang='lat' dir='ltr'><strong>iu</strong></span> <span class='ocrx_word' id='word_1_64' title='bbox 174 992 264 1053; x_wconf 88' lang='lat' dir='ltr'><strong>huius</strong></span> <span class='ocrx_word' id='word_1_65' title='bbox 294 994 467 1052; x_wconf 86' lang='lat' dir='ltr'><strong>ministeriis</strong></span> <span class='ocrx_word' id='word_1_66' title='bbox 500 993 633 1051; x_wconf 85' lang='lat' dir='ltr'><strong>deditum</strong></span> <span class='ocrx_word' id='word_1_67' title='bbox 665 1012 768 1053; x_wconf 88' lang='lat' dir='ltr'><strong>seoura</strong></span> <span class='ocrx_word' id='word_1_68' title='bbox 797 996 860 1053; x_wconf 88' lang='lat' dir='ltr'><strong>otia</strong></span> <span class='ocrx_word' id='word_1_69' title='bbox 891 994 1071 1069; x_wconf 78' lang='lat' dir='ltr'><strong>inpendere?</strong></span> 
     </span>
     <span class='ocr_line' id='line_1_10' title="bbox 57 1081 1071 1159; baseline -0.001 -16"><span class='ocrx_word' id='word_1_70' title='bbox 57 1082 114 1143; x_wconf 78' lang='lat' dir='ltr'><strong>soli</strong></span> <span class='ocrx_word' id='word_1_71' title='bbox 139 1081 200 1141; x_wconf 80' lang='lat' dir='ltr'><strong>tibi</strong></span> <span class='ocrx_word' id='word_1_72' title='bbox 226 1083 406 1159; x_wconf 70' lang='lat' dir='ltr'>contigerat,</span> <span class='ocrx_word' id='word_1_73' title='bbox 433 1085 468 1141; x_wconf 92' lang='lat' dir='ltr'><strong>ut</strong></span> <span class='ocrx_word' id='word_1_74' title='bbox 488 1101 589 1158; x_wconf 88' lang='lat' dir='ltr'><strong>posses</strong></span> <span class='ocrx_word' id='word_1_75' title='bbox 612 1085 729 1158; x_wconf 87' lang='lat' dir='ltr'><strong>patrem</strong></span> <span class='ocrx_word' id='word_1_76' title='bbox 756 1086 893 1144; x_wconf 81' lang='lat' dir='ltr'><strong>excusate</strong></span> <span class='ocrx_word' id='word_1_77' title='bbox 915 1102 974 1142; x_wconf 90' lang='lat' dir='ltr'><strong>non</strong></span> <span class='ocrx_word' id='word_1_78' title='bbox 994 1084 1071 1142; x_wconf 90' lang='lat' dir='ltr'><strong>redi·</strong></span> 
     </span>
     <span class='ocr_line' id='line_1_11' title="bbox 24 1171 1069 1246; baseline 0 -15"><span class='ocrx_word' id='word_1_79' title='bbox 24 1190 146 1231; x_wconf 85' lang='lat' dir='ltr'><strong>umere.</strong></span> <span class='ocrx_word' id='word_1_80' title='bbox 193 1190 242 1231; x_wconf 92' lang='lat' dir='ltr'><strong>me</strong></span> <span class='ocrx_word' id='word_1_81' title='bbox 264 1171 399 1246; x_wconf 78' lang='lat' dir='ltr'><strong>interim,</strong></span> <span class='ocrx_word' id='word_1_82' title='bbox 426 1174 460 1229; x_wconf 87' lang='lat' dir='ltr'><strong>ut</strong></span> <span class='ocrx_word' id='word_1_83' title='bbox 483 1174 632 1246; x_wconf 81' lang='lat' dir='ltr'><strong>coeperat,</strong></span> <span class='ocrx_word' id='word_1_84' title='bbox 660 1171 743 1230; x_wconf 82' lang='lat' dir='ltr'><strong>tabes</strong></span> <span class='ocrx_word' id='word_1_85' title='bbox 770 1173 852 1230; x_wconf 85' lang='lat' dir='ltr'><strong>lenta</strong></span> <span class='ocrx_word' id='word_1_86' title='bbox 879 1176 1069 1231; x_wconf 78' lang='lat' dir='ltr'><strong>oonsumeret</strong></span> 
     </span>
     <span class='ocr_line' id='line_1_12' title="bbox 57 1258 1070 1337; baseline -0.001 -16"><span class='ocrx_word' id='word_1_87' title='bbox 57 1280 104 1321; x_wconf 86' lang='lat' dir='ltr'><strong>me</strong></span> <span class='ocrx_word' id='word_1_88' title='bbox 127 1279 207 1337; x_wconf 87' lang='lat' dir='ltr'><strong>quae</strong></span> <span class='ocrx_word' id='word_1_89' title='bbox 229 1258 356 1318; x_wconf 86' lang='lat' dir='ltr'><strong>debebat</strong></span> <span class='ocrx_word' id='word_1_90' title='bbox 383 1260 460 1334; x_wconf 87' lang='lat' dir='ltr'><strong>sola,</strong></span> <span class='ocrx_word' id='word_1_91' title='bbox 487 1278 586 1318; x_wconf 90' lang='lat' dir='ltr'><strong>senem</strong></span> <span class='ocrx_word' id='word_1_92' title='bbox 613 1279 692 1319; x_wconf 88' lang='lat' dir='ltr'><strong>mors</strong></span> <span class='ocrx_word' id='word_1_93' title='bbox 719 1260 904 1336; x_wconf 74' lang='lat' dir='ltr'><strong>redemisset,</strong></span> <span class='ocrx_word' id='word_1_94' title='bbox 933 1264 975 1335; x_wconf 86' lang='lat' dir='ltr'><strong>et,</strong></span> <span class='ocrx_word' id='word_1_95' title='bbox 1003 1281 1070 1320; x_wconf 89' lang='lat' dir='ltr'><strong>oum</strong></span> 
     </span>
     <span class='ocr_line' id='line_1_13' title="bbox 57 1348 1071 1427; baseline 0 -18"><span class='ocrx_word' id='word_1_96' title='bbox 57 1351 194 1409; x_wconf 82' lang='lat' dir='ltr'><strong>exanime</strong></span> <span class='ocrx_word' id='word_1_97' title='bbox 223 1366 328 1425; x_wconf 84' lang='lat' dir='ltr'><strong>eorpus</strong></span> <span class='ocrx_word' id='word_1_98' title='bbox 355 1350 388 1406; x_wconf 89' lang='lat' dir='ltr'><strong>in</strong></span> <span class='ocrx_word' id='word_1_99' title='bbox 413 1348 521 1408; x_wconf 87' lang='lat' dir='ltr'><strong>fluetus</strong></span> <span class='ocrx_word' id='word_1_100' title='bbox 550 1351 627 1408; x_wconf 86' lang='lat' dir='ltr'><strong>esset</strong></span> <span class='ocrx_word' id='word_1_101' title='bbox 654 1349 815 1423; x_wconf 83' lang='lat' dir='ltr'><strong>abiectum,</strong></span> <span class='ocrx_word' id='word_1_102' title='bbox 844 1352 870 1408; x_wconf 90' lang='lat' dir='ltr'><strong>si</strong></span> <span class='ocrx_word' id='word_1_103' title='bbox 898 1352 1071 1427; x_wconf 78' lang='lat' dir='ltr'><strong>contigisset</strong></span> 
     </span>
     <span class='ocr_line' id='line_1_14' title="bbox 56 1436 1068 1513; baseline -0.002 -14"><span class='ocrx_word' id='word_1_104' title='bbox 56 1438 165 1499; x_wconf 81' lang='lat' dir='ltr'><strong>similis</strong></span> <span class='ocrx_word' id='word_1_105' title='bbox 183 1440 354 1513; x_wconf 86' lang='lat' dir='ltr'><strong>tempestas,</strong></span> <span class='ocrx_word' id='word_1_106' title='bbox 373 1437 452 1513; x_wconf 92' lang='lat' dir='ltr'><strong>quod</strong></span> <span class='ocrx_word' id='word_1_107' title='bbox 471 1437 592 1512; x_wconf 89' lang='lat' dir='ltr'><strong>aequius</strong></span> <span class='ocrx_word' id='word_1_108' title='bbox 612 1440 684 1511; x_wconf 85' lang='lat' dir='ltr'><strong>erat,</strong></span> <span class='ocrx_word' id='word_1_109' title='bbox 707 1442 741 1496; x_wconf 92' lang='lat' dir='ltr'><strong>tu</strong></span> <span class='ocrx_word' id='word_1_110' title='bbox 759 1457 815 1513; x_wconf 88' lang='lat' dir='ltr'><strong>me,</strong></span> <span class='ocrx_word' id='word_1_111' title='bbox 838 1436 890 1512; x_wconf 90' lang='lat' dir='ltr'><strong>fili,</strong></span> <span class='ocrx_word' id='word_1_112' title='bbox 909 1440 1068 1513; x_wconf 88' lang='lat' dir='ltr'><strong>sepelisses.</strong></span> 
     </span>
     <span class='ocr_line' id='line_1_15' title="bbox 54 1525 1070 1605; baseline -0.002 -18"><span class='ocrx_word' id='word_1_113' title='bbox 54 1527 168 1587; x_wconf 73' lang='lat' dir='ltr'><strong>fefellit</strong></span> <span class='ocrx_word' id='word_1_114' title='bbox 188 1529 219 1585; x_wconf 87' lang='lat' dir='ltr'><strong>te</strong></span> <span class='ocrx_word' id='word_1_115' title='bbox 236 1527 387 1604; x_wconf 83' lang='lat' dir='ltr'><strong>ingenitus</strong></span> <span class='ocrx_word' id='word_1_116' title='bbox 406 1525 538 1585; x_wconf 85' lang='lat' dir='ltr'><strong>honestis</strong></span> <span class='ocrx_word' id='word_1_117' title='bbox 557 1528 664 1585; x_wconf 90' lang='lat' dir='ltr'><strong>animis</strong></span> <span class='ocrx_word' id='word_1_118' title='bbox 682 1527 795 1605; x_wconf 83' lang='lat' dir='ltr'><strong>gloriae</strong></span> <span class='ocrx_word' id='word_1_119' title='bbox 814 1545 905 1601; x_wconf 88' lang='lat' dir='ltr'><strong>amor,</strong></span> <span class='ocrx_word' id='word_1_120' title='bbox 928 1545 994 1603; x_wconf 89' lang='lat' dir='ltr'><strong>spes</strong></span> <span class='ocrx_word' id='word_1_121' title='bbox 1013 1528 1070 1586; x_wconf 84' lang='lat' dir='ltr'><strong>tibi</strong></span> 
     </span>
     <span class='ocr_line' id='line_1_16' title="bbox 21 1612 1068 1694; baseline -0.003 -17"><span class='ocrx_word' id='word_1_122' title='bbox 21 1618 219 1694; x_wconf 80' lang='lat' dir='ltr'><strong>uperpetuae</strong></span> <span class='ocrx_word' id='word_1_123' title='bbox 236 1614 334 1675; x_wconf 87' lang='lat' dir='ltr'><strong>laudis</strong></span> <span class='ocrx_word' id='word_1_124' title='bbox 351 1617 491 1690; x_wconf 88' lang='lat' dir='ltr'><strong>inposuit.</strong></span> <span class='ocrx_word' id='word_1_125' title='bbox 524 1615 576 1673; x_wconf 91' lang='lat' dir='ltr'><strong>ubi</strong></span> <span class='ocrx_word' id='word_1_126' title='bbox 594 1613 710 1674; x_wconf 79' lang='lat' dir='ltr'><strong>virtus?</strong></span> <span class='ocrx_word' id='word_1_127' title='bbox 733 1615 785 1672; x_wconf 93' lang='lat' dir='ltr'><strong>ubi</strong></span> <span class='ocrx_word' id='word_1_128' title='bbox 802 1612 919 1691; x_wconf 83' lang='lat' dir='ltr'><strong>pietus?</strong></span> <span class='ocrx_word' id='word_1_129' title='bbox 955 1617 1068 1691; x_wconf 86' lang='lat' dir='ltr'><strong>peristi,</strong></span> 
     </span>
     <span class='ocr_line' id='line_1_17' title="bbox 54 1703 1068 1780; baseline -0.004 -15"><span class='ocrx_word' id='word_1_130' title='bbox 54 1706 155 1779; x_wconf 76' lang='lat' dir='ltr'><strong>miser,</strong></span> <span class='ocrx_word' id='word_1_131' title='bbox 184 1707 214 1762; x_wconf 93' lang='lat' dir='ltr'><strong>et</strong></span> <span class='ocrx_word' id='word_1_132' title='bbox 241 1704 319 1761; x_wconf 82' lang='lat' dir='ltr'><strong>maie</strong></span> <span class='ocrx_word' id='word_1_133' title='bbox 346 1703 438 1764; x_wconf 85' lang='lat' dir='ltr'><strong>audis.</strong></span> <span class='ocrx_word' id='word_1_134' title='bbox 484 1722 544 1762; x_wconf 91' lang='lat' dir='ltr'><strong>non</strong></span> <span class='ocrx_word' id='word_1_135' title='bbox 575 1706 715 1763; x_wconf 83' lang='lat' dir='ltr'><strong>morienti</strong></span> <span class='ocrx_word' id='word_1_136' title='bbox 744 1707 831 1780; x_wconf 85' lang='lat' dir='ltr'><strong>pater</strong></span> <span class='ocrx_word' id='word_1_137' title='bbox 863 1704 978 1778; x_wconf 88' lang='lat' dir='ltr'><strong>adsedi,</strong></span> <span class='ocrx_word' id='word_1_138' title='bbox 1009 1723 1068 1763; x_wconf 90' lang='lat' dir='ltr'><strong>non</strong></span> 
     </span>
     <span class='ocr_line' id='line_1_18' title="bbox 55 1792 1068 1872; baseline 0.001 -20"><span class='ocrx_word' id='word_1_139' title='bbox 55 1795 149 1872; x_wconf 78' lang='lat' dir='ltr'><strong>aegri</strong></span> <span class='ocrx_word' id='word_1_140' title='bbox 167 1794 259 1869; x_wconf 86' lang='lat' dir='ltr'><strong>eaput</strong></span> <span class='ocrx_word' id='word_1_141' title='bbox 284 1792 414 1852; x_wconf 79' lang='lat' dir='ltr'><strong>molliori</strong></span> <span class='ocrx_word' id='word_1_142' title='bbox 441 1792 509 1852; x_wconf 88' lang='lat' dir='ltr'><strong>sede</strong></span> <span class='ocrx_word' id='word_1_143' title='bbox 537 1795 691 1868; x_wconf 79' lang='lat' dir='ltr'><strong>conposui,</strong></span> <span class='ocrx_word' id='word_1_144' title='bbox 718 1811 777 1851; x_wconf 88' lang='lat' dir='ltr'><strong>non</strong></span> <span class='ocrx_word' id='word_1_145' title='bbox 805 1793 966 1871; x_wconf 86' lang='lat' dir='ltr'><strong>fatigatum</strong></span> <span class='ocrx_word' id='word_1_146' title='bbox 989 1794 1068 1853; x_wconf 86' lang='lat' dir='ltr'><strong>latus</strong></span> 
     </span>
     <span class='ocr_line' id='line_1_19' title="bbox 55 1881 1068 1959; baseline 0 -17"><span class='ocrx_word' id='word_1_147' title='bbox 55 1883 183 1956; x_wconf 63' lang='lat' dir='ltr'><strong>mnmvi,</strong></span> <span class='ocrx_word' id='word_1_148' title='bbox 206 1900 266 1939; x_wconf 89' lang='lat' dir='ltr'><strong>non</strong></span> <span class='ocrx_word' id='word_1_149' title='bbox 288 1883 427 1958; x_wconf 87' lang='lat' dir='ltr'><strong>spiritum</strong></span> <span class='ocrx_word' id='word_1_150' title='bbox 451 1883 558 1959; x_wconf 87' lang='lat' dir='ltr'><strong>exeepi.</strong></span> <span class='ocrx_word' id='word_1_151' title='bbox 603 1881 719 1957; x_wconf 82' lang='lat' dir='ltr'><strong>absens,</strong></span> <span class='ocrx_word' id='word_1_152' title='bbox 743 1884 917 1955; x_wconf 86' lang='lat' dir='ltr'><strong>exstinctus,</strong></span> <span class='ocrx_word' id='word_1_153' title='bbox 941 1901 1068 1957; x_wconf 86' lang='lat' dir='ltr'><strong>eversus,</strong></span> 
     </span>
     <span class='ocr_line' id='line_1_20' title="bbox 55 1971 1068 2049; baseline -0.001 -18"><span class='ocrx_word' id='word_1_154' title='bbox 55 1973 184 2033; x_wconf 81' lang='lat' dir='ltr'><strong>mortem</strong></span> <span class='ocrx_word' id='word_1_155' title='bbox 211 1972 296 2029; x_wconf 86' lang='lat' dir='ltr'><strong>tuam</strong></span> <span class='ocrx_word' id='word_1_156' title='bbox 322 1972 431 2030; x_wconf 87' lang='lat' dir='ltr'><strong>inveni.</strong></span> <span class='ocrx_word' id='word_1_157' title='bbox 476 1989 562 2029; x_wconf 88' lang='lat' dir='ltr'><strong>nemo</strong></span> <span class='ocrx_word' id='word_1_158' title='bbox 590 1989 678 2049; x_wconf 81' lang='lat' dir='ltr'><strong>aegro</strong></span> <span class='ocrx_word' id='word_1_159' title='bbox 706 1971 805 2029; x_wconf 85' lang='lat' dir='ltr'><strong>vinela</strong></span> <span class='ocrx_word' id='word_1_160' title='bbox 827 1971 954 2046; x_wconf 77' lang='lat' dir='ltr'><strong>laxavit,</strong></span> <span class='ocrx_word' id='word_1_161' title='bbox 982 1991 1068 2031; x_wconf 92' lang='lat' dir='ltr'><strong>nemo</strong></span> 
     </span>
     <span class='ocr_line' id='line_1_21' title="bbox 20 2058 1068 2136; baseline 0 -17"><span class='ocrx_word' id='word_1_162' title='bbox 20 2078 164 2119; x_wconf 79' lang='lat' dir='ltr'><strong>armanus</strong></span> <span class='ocrx_word' id='word_1_163' title='bbox 181 2058 261 2119; x_wconf 86' lang='lat' dir='ltr'><strong>ferro</strong></span> <span class='ocrx_word' id='word_1_164' title='bbox 279 2059 412 2118; x_wconf 83' lang='lat' dir='ltr'><strong>sordidas</strong></span> <span class='ocrx_word' id='word_1_165' title='bbox 431 2059 469 2118; x_wconf 89' lang='lat' dir='ltr'><strong>ad</strong></span> <span class='ocrx_word' id='word_1_166' title='bbox 489 2060 674 2136; x_wconf 79' lang='lat' dir='ltr'><strong>accipiendos</strong></span> <span class='ocrx_word' id='word_1_167' title='bbox 692 2059 807 2119; x_wconf 85' lang='lat' dir='ltr'><strong>remisit</strong></span> <span class='ocrx_word' id='word_1_168' title='bbox 825 2061 912 2119; x_wconf 86' lang='lat' dir='ltr'><strong>eibos.</strong></span> <span class='ocrx_word' id='word_1_169' title='bbox 949 2063 1068 2119; x_wconf 87' lang='lat' dir='ltr'><strong>tantum</strong></span> 
     </span>
     <span class='ocr_line' id='line_1_22' title="bbox 55 2149 1068 2226; baseline -0.002 -17"><span class='ocrx_word' id='word_1_170' title='bbox 55 2150 231 2209; x_wconf 81' lang='lat' dir='ltr'><strong>oetenarum</strong></span> <span class='ocrx_word' id='word_1_171' title='bbox 254 2166 344 2207; x_wconf 86' lang='lat' dir='ltr'><strong>eausa</strong></span> <span class='ocrx_word' id='word_1_172' title='bbox 366 2149 480 2207; x_wconf 83' lang='lat' dir='ltr'><strong>solutus</strong></span> <span class='ocrx_word' id='word_1_173' title='bbox 504 2151 549 2207; x_wconf 86' lang='lat' dir='ltr'><strong>est</strong></span> <span class='ocrx_word' id='word_1_174' title='bbox 572 2150 731 2225; x_wconf 82' lang='lat' dir='ltr'><strong>neglectus,</strong></span> <span class='ocrx_word' id='word_1_175' title='bbox 754 2149 916 2226; x_wconf 82' lang='lat' dir='ltr'><strong>despectus.</strong></span> <span class='ocrx_word' id='word_1_176' title='bbox 963 2150 1068 2225; x_wconf 91' lang='lat' dir='ltr'><strong>quidni</strong></span> 
     </span>
     <span class='ocr_line' id='line_1_23' title="bbox 54 2235 1067 2299; baseline -0.003 0"><span class='ocrx_word' id='word_1_177' title='bbox 54 2238 126 2299; x_wconf 75' lang='lat' dir='ltr'><strong>Vilis</strong></span> <span class='ocrx_word' id='word_1_178' title='bbox 149 2236 228 2297; x_wconf 83' lang='lat' dir='ltr'><strong>senis</strong></span> <span class='ocrx_word' id='word_1_179' title='bbox 250 2235 400 2296; x_wconf 78' lang='lat' dir='ltr'><strong>vicarius?</strong></span> <span class='ocrx_word' id='word_1_180' title='bbox 442 2238 521 2296; x_wconf 87' lang='lat' dir='ltr'><strong>inter</strong></span> <span class='ocrx_word' id='word_1_181' title='bbox 543 2239 590 2296; x_wconf 86' lang='lat' dir='ltr'><strong>tot</strong></span> <span class='ocrx_word' id='word_1_182' title='bbox 612 2238 820 2297; x_wconf 82' lang='lat' dir='ltr'><strong>ardentissima</strong></span> <span class='ocrx_word' id='word_1_183' title='bbox 842 2236 969 2297; x_wconf 84' lang='lat' dir='ltr'><strong>febrium</strong></span> <span class='ocrx_word' id='word_1_184' title='bbox 993 2239 1067 2298; x_wconf 88' lang='lat' dir='ltr'><strong>desi-</strong></span> 
     </span>
     <span class='ocr_line' id='line_1_24' title="bbox 54 2325 1068 2403; baseline 0.001 -18"><span class='ocrx_word' id='word_1_185' title='bbox 54 2326 140 2385; x_wconf 82' lang='lat' dir='ltr'><strong>deria</strong></span> <span class='ocrx_word' id='word_1_186' title='bbox 166 2344 227 2385; x_wconf 91' lang='lat' dir='ltr'><strong>non</strong></span> <span class='ocrx_word' id='word_1_187' title='bbox 253 2325 385 2385; x_wconf 77' lang='lat' dir='ltr'><strong>habuisti</strong></span> <span class='ocrx_word' id='word_1_188' title='bbox 412 2345 500 2402; x_wconf 89' lang='lat' dir='ltr'><strong>quem</strong></span> <span class='ocrx_word' id='word_1_189' title='bbox 529 2344 670 2403; x_wconf 77' lang='lat' dir='ltr'><strong>posceres.</strong></span> <span class='ocrx_word' id='word_1_190' title='bbox 717 2327 863 2402; x_wconf 91' lang='lat' dir='ltr'><strong>quomodo</strong></span> <span class='ocrx_word' id='word_1_191' title='bbox 889 2328 920 2385; x_wconf 90' lang='lat' dir='ltr'><strong>te</strong></span> <span class='ocrx_word' id='word_1_192' title='bbox 947 2329 1068 2386; x_wconf 83' lang='lat' dir='ltr'><strong>vineula</strong></span> 
     </span>
     <span class='ocr_line' id='line_1_25' title="bbox 54 2416 1065 2493; baseline -0.004 -17"><span class='ocrx_word' id='word_1_193' title='bbox 54 2416 292 2493; x_wconf 82' lang='lat' dir='ltr'><strong>oomposuerant,</strong></span> <span class='ocrx_word' id='word_1_194' title='bbox 314 2416 442 2474; x_wconf 80' lang='lat' dir='ltr'><strong>iacuisti.</strong></span> <span class='ocrx_word' id='word_1_195' title='bbox 487 2417 626 2489; x_wconf 85' lang='lat' dir='ltr'><strong>matrem,</strong></span> <span class='ocrx_word' id='word_1_196' title='bbox 648 2418 773 2491; x_wconf 85' lang='lat' dir='ltr'><strong>patrem,</strong></span> <span class='ocrx_word' id='word_1_197' title='bbox 796 2416 977 2491; x_wconf 89' lang='lat' dir='ltr'><strong>propinquos</strong></span> <span class='ocrx_word' id='word_1_198' title='bbox 1000 2420 1065 2473; x_wconf 90' lang='lat' dir='ltr'><strong>tan·</strong></span> 
     </span>
     <span class='ocr_line' id='line_1_26' title="bbox 17 2503 1066 2582; baseline -0.003 -17"><span class='ocrx_word' id='word_1_199' title='bbox 17 2506 122 2565; x_wconf 75' lang='lat' dir='ltr'><strong>saum</strong></span> <span class='ocrx_word' id='word_1_200' title='bbox 144 2505 293 2582; x_wconf 69' lang='lat' dir='ltr'><strong>cogitasti</strong></span> <span class='ocrx_word' id='word_1_201' title='bbox 330 2503 473 2579; x_wconf 89' lang='lat' dir='ltr'><strong>numquid</strong></span> <span class='ocrx_word' id='word_1_202' title='bbox 496 2504 637 2581; x_wconf 85' lang='lat' dir='ltr'><strong>indulgeo</strong></span> <span class='ocrx_word' id='word_1_203' title='bbox 657 2505 744 2579; x_wconf 91' lang='lat' dir='ltr'><strong>mihi,</strong></span> <span class='ocrx_word' id='word_1_204' title='bbox 768 2504 847 2580; x_wconf 90' lang='lat' dir='ltr'><strong>quod</strong></span> <span class='ocrx_word' id='word_1_205' title='bbox 869 2507 899 2562; x_wconf 90' lang='lat' dir='ltr'><strong>te</strong></span> <span class='ocrx_word' id='word_1_206' title='bbox 921 2507 995 2580; x_wconf 89' lang='lat' dir='ltr'><strong>puto</strong></span> <span class='ocrx_word' id='word_1_207' title='bbox 1018 2523 1066 2563; x_wconf 82' lang='lat' dir='ltr'><strong>ex·</strong></span> 
     </span>
     <span class='ocr_line' id='line_1_27' title="bbox 54 2590 486 2671; baseline -0.009 -18"><span class='ocrx_word' id='word_1_208' title='bbox 54 2595 185 2671; x_wconf 68' lang='lat' dir='ltr'><strong>epirum</strong></span> <span class='ocrx_word' id='word_1_209' title='bbox 206 2594 239 2650; x_wconf 88' lang='lat' dir='ltr'><strong>in</strong></span> <span class='ocrx_word' id='word_1_210' title='bbox 262 2611 376 2652; x_wconf 85' lang='lat' dir='ltr'><strong>earoore</strong></span> <span class='ocrx_word' id='word_1_211' title='bbox 399 2590 486 2650; x_wconf 80' lang='lat' dir='ltr'><strong>meo?</strong></span> 
     </span>
     <span class='ocr_line' id='line_1_28' title="bbox 120 2680 1065 2757; baseline -0.002 -16"><span class='ocrx_word' id='word_1_212' title='bbox 120 2680 262 2741; x_wconf 85' lang='lat' dir='ltr'><strong>Nondum</strong></span> <span class='ocrx_word' id='word_1_213' title='bbox 293 2683 384 2740; x_wconf 87' lang='lat' dir='ltr'><strong>matri</strong></span> <span class='ocrx_word' id='word_1_214' title='bbox 415 2682 602 2740; x_wconf 80' lang='lat' dir='ltr'><strong>satisfactum</strong></span> <span class='ocrx_word' id='word_1_215' title='bbox 633 2684 685 2741; x_wconf 87' lang='lat' dir='ltr'><strong>est.</strong></span> <span class='ocrx_word' id='word_1_216' title='bbox 736 2683 875 2757; x_wconf 89' lang='lat' dir='ltr'><strong>quoniam</strong></span> <span class='ocrx_word' id='word_1_217' title='bbox 907 2700 1017 2757; x_wconf 89' lang='lat' dir='ltr'><strong>poenas</strong></span> <span class='ocrx_word' id='word_1_218' title='bbox 1047 2699 1065 2739; x_wconf 91' lang='lat' dir='ltr'><strong>a</strong></span> 
     </span>
     <span class='ocr_line' id='line_1_29' title="bbox 55 2768 1117 2847; baseline -0.005 -18"><span class='ocrx_word' id='word_1_219' title='bbox 55 2768 250 2831; x_wconf 83' lang='lat' dir='ltr'><strong>oedaveribus</strong></span> <span class='ocrx_word' id='word_1_220' title='bbox 277 2771 383 2847; x_wconf 79' lang='lat' dir='ltr'><strong>exigis,</strong></span> <span class='ocrx_word' id='word_1_221' title='bbox 415 2770 486 2829; x_wconf 90' lang='lat' dir='ltr'><strong>audi</strong></span> <span class='ocrx_word' id='word_1_222' title='bbox 517 2772 671 2844; x_wconf 87' lang='lat' dir='ltr'><strong>sequentia</strong></span> <span class='ocrx_word' id='word_1_223' title='bbox 702 2774 843 2847; x_wconf 85' lang='lat' dir='ltr'><strong>tempora.</strong></span> <span class='ocrx_word' id='word_1_224' title='bbox 890 2788 968 2830; x_wconf 89' lang='lat' dir='ltr'><strong>mors</strong></span> <span class='ocrx_word' id='word_1_225' title='bbox 1000 2770 1066 2845; x_wconf 88' lang='lat' dir='ltr'><strong>ipsa</strong></span> <span class='ocrx_word' id='word_1_226' title='bbox 1079 2771 1117 2825; x_wconf 71' lang='lat'><strong>23</strong></span> 
     </span>
     <span class='ocr_line' id='line_1_30' title="bbox 54 2858 1065 2936; baseline 0.002 -17"><span class='ocrx_word' id='word_1_227' title='bbox 54 2858 110 2919; x_wconf 80' lang='lat' dir='ltr'><strong>filii</strong></span> <span class='ocrx_word' id='word_1_228' title='bbox 132 2860 181 2919; x_wconf 87' lang='lat' dir='ltr'><strong>tui</strong></span> <span class='ocrx_word' id='word_1_229' title='bbox 198 2859 389 2936; x_wconf 80' lang='lat' dir='ltr'><strong>naufragium</strong></span> <span class='ocrx_word' id='word_1_230' title='bbox 407 2859 487 2934; x_wconf 85' lang='lat' dir='ltr'><strong>fecit,</strong></span> <span class='ocrx_word' id='word_1_231' title='bbox 509 2879 562 2936; x_wconf 90' lang='lat' dir='ltr'><strong>per</strong></span> <span class='ocrx_word' id='word_1_232' title='bbox 579 2862 627 2918; x_wconf 95' lang='lat' dir='ltr'><strong>tot</strong></span> <span class='ocrx_word' id='word_1_233' title='bbox 648 2859 754 2919; x_wconf 85' lang='lat' dir='ltr'><strong>fluetus</strong></span> <span class='ocrx_word' id='word_1_234' title='bbox 773 2860 941 2918; x_wconf 85' lang='lat' dir='ltr'><strong>volutatum</strong></span> <span class='ocrx_word' id='word_1_235' title='bbox 959 2878 1065 2936; x_wconf 85' lang='lat' dir='ltr'><strong>eorpus</strong></span> 
     </span>
    </p>
   </div>
   <div class='ocr_carea' id='block_1_3' title="bbox 14 3080 1065 3719">
    <p class='ocr_par' dir='ltr' id='par_1_3' title="bbox 14 3080 1065 3719">
     <span class='ocr_line' id='line_1_31' title="bbox 125 3080 1065 3149; baseline -0.002 -12"><span class='ocrx_word' id='word_1_236' title='bbox 125 3086 323 3137; x_wconf 65' lang='lat' dir='ltr'><strong>iammoneor</strong></span> <span class='ocrx_word' id='word_1_237' title='bbox 344 3090 366 3133; x_wconf 98' lang='lat' dir='ltr'><strong><em>V</em></strong></span> <span class='ocrx_word' id='word_1_238' title='bbox 432 3080 536 3135; x_wconf 85' lang='lat' dir='ltr'><strong>honore</strong></span> <span class='ocrx_word' id='word_1_239' title='bbox 553 3089 593 3148; x_wconf 73' lang='lat'><strong>133</strong></span> <span class='ocrx_word' id='word_1_240' title='bbox 610 3081 745 3135; x_wconf 86' lang='lat' dir='ltr'><strong>honorem</strong></span> <span class='ocrx_word' id='word_1_241' title='bbox 761 3081 860 3149; x_wconf 76' lang='lat' dir='ltr'><strong>reliqui</strong></span> <span class='ocrx_word' id='word_1_242' title='bbox 931 3083 1065 3135; x_wconf 68' lang='lat' dir='ltr'><strong>dammi-</strong></span> 
     </span>
     <span class='ocr_line' id='line_1_32' title="bbox 54 3150 1015 3221; baseline -0.002 -14"><span class='ocrx_word' id='word_1_243' title='bbox 54 3150 145 3207; x_wconf 76' lang='lat' dir='ltr'><strong>rubile</strong></span> <span class='ocrx_word' id='word_1_244' title='bbox 161 3160 215 3205; x_wconf 66' lang='lat' dir='ltr'><strong>BV</strong></span> <span class='ocrx_word' id='word_1_245' title='bbox 282 3151 456 3206; x_wconf 77' lang='lat' dir='ltr'><strong>osullimem</strong></span> <span class='ocrx_word' id='word_1_246' title='bbox 474 3161 507 3205; x_wconf 76' lang='grc' dir='ltr'><em>Μ</em></span> <span class='ocrx_word' id='word_1_247' title='bbox 574 3152 692 3221; x_wconf 84' lang='lat' dir='ltr'><strong>pinnata</strong></span> <span class='ocrx_word' id='word_1_248' title='bbox 709 3161 769 3218; x_wconf 74' lang='lat' dir='ltr'><strong>BV3</strong></span> <span class='ocrx_word' id='word_1_249' title='bbox 788 3154 912 3220; x_wconf 85' lang='lat' dir='ltr'><strong>pennata</strong></span> <span class='ocrx_word' id='word_1_250' title='bbox 930 3162 1015 3217; x_wconf 70' lang='lat' dir='ltr'><strong>oneo</strong></span> 
     </span>
     <span class='ocr_line' id='line_1_33' title="bbox 55 3222 1064 3292; baseline 0.004 -17"><span class='ocrx_word' id='word_1_251' title='bbox 55 3228 71 3275; x_wconf 85' lang='lat'><strong>9</strong></span> <span class='ocrx_word' id='word_1_252' title='bbox 128 3222 182 3277; x_wconf 81' lang='lat' dir='ltr'><strong>seis</strong></span> <span class='ocrx_word' id='word_1_253' title='bbox 199 3232 252 3277; x_wconf 76' lang='lat' dir='ltr'><strong>BV</strong></span> <span class='ocrx_word' id='word_1_254' title='bbox 337 3225 479 3277; x_wconf 83' lang='lat' dir='ltr'><strong>excusate:</strong></span> <span class='ocrx_word' id='word_1_255' title='bbox 499 3239 600 3277; x_wconf 85' lang='lat' dir='ltr'><strong>exousa</strong></span> <span class='ocrx_word' id='word_1_256' title='bbox 623 3232 652 3292; x_wconf 86' lang='lat' dir='ltr'><strong>V;</strong></span> <span class='ocrx_word' id='word_1_257' title='bbox 672 3233 874 3277; x_wconf 76' lang='lat' dir='ltr'><strong>excusarem</strong></span> <span class='ocrx_word' id='word_1_258' title='bbox 961 3241 1018 3278; x_wconf 90' lang='lat' dir='ltr'><strong>non</strong></span> <span class='ocrx_word' id='word_1_259' title='bbox 1035 3228 1064 3279; x_wconf 85' lang='lat' dir='ltr'><strong>to</strong></span> 
     </span>
     <span class='ocr_line' id='line_1_34' title="bbox 106 3293 1064 3364; baseline 0.002 -17"><span class='ocrx_word' id='word_1_260' title='bbox 106 3293 113 3308; x_wconf 80' lang='lat'>⁸</span> <span class='ocrx_word' id='word_1_261' title='bbox 144 3302 229 3347; x_wconf 88' lang='lat' dir='ltr'><strong>ereV</strong></span> <span class='ocrx_word' id='word_1_262' title='bbox 281 3299 313 3347; x_wconf 92' lang='lat'><strong>11</strong></span> <span class='ocrx_word' id='word_1_263' title='bbox 332 3310 377 3347; x_wconf 90' lang='lat' dir='ltr'><strong>me</strong></span> <span class='ocrx_word' id='word_1_264' title='bbox 413 3309 479 3348; x_wconf 91' lang='lat' dir='ltr'><strong>uae:</strong></span> <span class='ocrx_word' id='word_1_265' title='bbox 497 3309 574 3362; x_wconf 90' lang='lat' dir='ltr'><strong>meq;</strong></span> <span class='ocrx_word' id='word_1_266' title='bbox 594 3303 615 3346; x_wconf 93' lang='lat' dir='ltr'><strong><em>V</em></strong></span> <span class='ocrx_word' id='word_1_267' title='bbox 665 3293 820 3348; x_wconf 76' lang='lat' dir='ltr'><strong>debebatur</strong></span> <span class='ocrx_word' id='word_1_268' title='bbox 837 3304 896 3349; x_wconf 75' lang='lat' dir='ltr'><strong>Be!</strong></span> <span class='ocrx_word' id='word_1_269' title='bbox 948 3300 982 3348; x_wconf 77' lang='lat'><strong>14</strong></span> <span class='ocrx_word' id='word_1_270' title='bbox 1000 3312 1064 3364; x_wconf 88' lang='lat' dir='ltr'><strong>spes</strong></span> 
     </span>
     <span class='ocr_line' id='line_1_35' title="bbox 14 3365 1064 3435; baseline 0.001 -16"><span class='ocrx_word' id='word_1_271' title='bbox 14 3400 17 3405; x_wconf 92' lang='lat'><em>-</em></span> <span class='ocrx_word' id='word_1_272' title='bbox 53 3378 223 3435; x_wconf 54' lang='lat' dir='ltr'><strong>«apeme</strong></span> <span class='ocrx_word' id='word_1_273' title='bbox 313 3370 345 3418; x_wconf 70' lang='lat'><strong>1⁵1</strong></span> <span class='ocrx_word' id='word_1_274' title='bbox 364 3382 409 3419; x_wconf 93' lang='lat' dir='ltr'><strong>mo</strong></span> <span class='ocrx_word' id='word_1_275' title='bbox 433 3365 486 3419; x_wconf 90' lang='lat' dir='ltr'><strong>iori</strong></span> <span class='ocrx_word' id='word_1_276' title='bbox 504 3383 538 3419; x_wconf 78' lang='lat' dir='ltr'><strong>ex</strong></span> <span class='ocrx_word' id='word_1_277' title='bbox 554 3365 720 3418; x_wconf 73' lang='lat' dir='ltr'><strong>mollierin</strong></span> <span class='ocrx_word' id='word_1_278' title='bbox 809 3371 842 3420; x_wconf 87' lang='lat'><strong>18</strong></span> <span class='ocrx_word' id='word_1_279' title='bbox 865 3366 1064 3435; x_wconf 66' lang='lat' dir='ltr'><strong>excepimus</strong></span> 
     </span>
     <span class='ocr_line' id='line_1_36' title="bbox 55 3436 1063 3507; baseline 0 -18"><span class='ocrx_word' id='word_1_280' title='bbox 55 3441 89 3491; x_wconf 74' lang='grc'><strong>19</strong></span> <span class='ocrx_word' id='word_1_281' title='bbox 107 3450 195 3507; x_wconf 76' lang='lat' dir='ltr'><strong>aegra</strong></span> <span class='ocrx_word' id='word_1_282' title='bbox 216 3446 238 3489; x_wconf 98' lang='lat' dir='ltr'><strong><em>V</em></strong></span> <span class='ocrx_word' id='word_1_283' title='bbox 305 3441 340 3490; x_wconf 76' lang='lat'><strong>20</strong></span> <span class='ocrx_word' id='word_1_284' title='bbox 358 3436 485 3490; x_wconf 88' lang='lat' dir='ltr'><strong>sordidas</strong></span> <span class='ocrx_word' id='word_1_285' title='bbox 502 3436 576 3490; x_wconf 85' lang='lat' dir='ltr'><strong>ferro</strong></span> <span class='ocrx_word' id='word_1_286' title='bbox 597 3446 618 3488; x_wconf 86' lang='lat' dir='ltr'><strong><em>V</em></strong></span> <span class='ocrx_word' id='word_1_287' title='bbox 684 3442 717 3490; x_wconf 81' lang='lat'><strong>21</strong></span> <span class='ocrx_word' id='word_1_288' title='bbox 737 3440 791 3490; x_wconf 84' lang='lat' dir='ltr'><strong>est:</strong></span> <span class='ocrx_word' id='word_1_289' title='bbox 811 3453 839 3490; x_wconf 88' lang='lat' dir='ltr'><strong>es</strong></span> <span class='ocrx_word' id='word_1_290' title='bbox 859 3450 894 3490; x_wconf 76' lang='lat' dir='ltr'><strong>os</strong></span> <span class='ocrx_word' id='word_1_291' title='bbox 965 3442 1063 3490; x_wconf 76' lang='lat'>2501-</span> 
     </span>
     <span class='ocr_line' id='line_1_37' title="bbox 54 3506 955 3577; baseline 0.002 -16"><span class='ocrx_word' id='word_1_292' title='bbox 54 3507 177 3577; x_wconf 77' lang='lat' dir='ltr'><strong>spirasse</strong></span> <span class='ocrx_word' id='word_1_293' title='bbox 198 3528 227 3570; x_wconf 79' lang='lat' dir='ltr'><strong>y:</strong></span> <span class='ocrx_word' id='word_1_294' title='bbox 255 3506 531 3576; x_wconf 69' lang='lat' dir='ltr'><strong>inspirasseeuae3</strong></span> <span class='ocrx_word' id='word_1_295' title='bbox 560 3509 680 3576; x_wconf 81' lang='lat' dir='ltr'><strong>spirasse</strong></span> <span class='ocrx_word' id='word_1_296' title='bbox 702 3518 724 3560; x_wconf 94' lang='lat' dir='ltr'><strong><em>V</em></strong></span> <span class='ocrx_word' id='word_1_297' title='bbox 745 3511 780 3577; x_wconf 80' lang='lat' dir='ltr'><strong>(et</strong></span> <span class='ocrx_word' id='word_1_298' title='bbox 803 3510 843 3563; x_wconf 84' lang='lat' dir='ltr'><strong>sic</strong></span> <span class='ocrx_word' id='word_1_299' title='bbox 867 3509 955 3575; x_wconf 81' lang='lat' dir='ltr'><strong>Desa)</strong></span> 
     </span>
     <span class='ocr_line' id='line_1_38' title="bbox 55 3576 907 3648; baseline -0.002 -15"><span class='ocrx_word' id='word_1_300' title='bbox 55 3582 89 3633; x_wconf 76' lang='grc'><strong>29</strong></span> <span class='ocrx_word' id='word_1_301' title='bbox 107 3576 162 3632; x_wconf 82' lang='lat' dir='ltr'><strong>filii</strong></span> <span class='ocrx_word' id='word_1_302' title='bbox 179 3594 214 3633; x_wconf 75' lang='lat' dir='ltr'><strong>eu</strong></span> <span class='ocrx_word' id='word_1_303' title='bbox 230 3576 320 3632; x_wconf 85' lang='lat' dir='ltr'><strong>filium</strong></span> <span class='ocrx_word' id='word_1_304' title='bbox 342 3588 364 3631; x_wconf 94' lang='lat' dir='ltr'><strong><em>V</em></strong></span> <span class='ocrx_word' id='word_1_305' title='bbox 443 3578 611 3632; x_wconf 85' lang='lat' dir='ltr'><strong>volutatium</strong></span> <span class='ocrx_word' id='word_1_306' title='bbox 628 3589 669 3648; x_wconf 64' lang='lat' dir='ltr'><strong>M,</strong></span> <span class='ocrx_word' id='word_1_307' title='bbox 688 3578 866 3647; x_wconf 85' lang='lat' dir='ltr'><strong>voluptatum</strong></span> <span class='ocrx_word' id='word_1_308' title='bbox 883 3588 907 3631; x_wconf 77' lang='lat' dir='ltr'><em>J</em></span> 
     </span>
     <span class='ocr_line' id='line_1_39' title="bbox 885 3666 921 3719; baseline 0 -25"><span class='ocrx_word' id='word_1_309' title='bbox 885 3666 921 3719; x_wconf 46' lang='lat' dir='ltr'><strong>Q*</strong></span> 
     </span>
    </p>
   </div>
   <div class='ocr_carea' id='block_1_4' title="bbox 0 0 1220 3952">
    <p class='ocr_par' dir='ltr' id='par_1_4' title="bbox 0 0 1220 3952">
     <span class='ocr_line' id='line_1_40' title="bbox 0 0 1220 3952; baseline 0 1"><span class='ocrx_word' id='word_1_310' title='bbox 0 0 1220 3952; x_wconf 95' lang='lat' dir='ltr'><strong> </strong></span> 
     </span>
    </p>
   </div>
  </div>
 </body>
</html>
