<?xml version="1.0" encoding="UTF-8"?>
<!DOCTYPE html PUBLIC "-//W3C//DTD XHTML 1.0 Transitional//EN"
    "http://www.w3.org/TR/xhtml1/DTD/xhtml1-transitional.dtd">
<html xmlns="http://www.w3.org/1999/xhtml" xml:lang="en" lang="en">
 <head>
  <title>
</title>
<meta http-equiv="Content-Type" content="text/html;charset=utf-8" />
  <meta name='ocr-system' content='tesseract 3.04.00' />
  <meta name='ocr-capabilities' content='ocr_page ocr_carea ocr_par ocr_line ocrx_word'/>
</head>
<body>
  <div class='ocr_page' id='page_1' title='image "./qvintilianiqvae00quingoog_0129.png"; bbox 0 0 2430 3952; ppageno 0'>
   <div class='ocr_carea' id='block_1_1' title="bbox 127 197 820 265">
    <p class='ocr_par' dir='ltr' id='par_1_1' title="bbox 127 197 820 265">
     <span class='ocr_line' id='line_1_1' title="bbox 127 197 820 265; baseline -0.003 -12"><span class='ocrx_word' id='word_1_1' title='bbox 127 199 171 265; x_wconf 87' lang='grc'>90</span> <span class='ocrx_word' id='word_1_2' title='bbox 458 197 582 253; x_wconf 73' lang='lat' dir='ltr'>Anaua</span> <span class='ocrx_word' id='word_1_3' title='bbox 599 197 820 253; x_wconf 76' lang='lat' dir='ltr'>annanffrvs</span> 
     </span>
    </p>
   </div>
   <div class='ocr_carea' id='block_1_2' title="bbox 123 365 1178 1244">
    <p class='ocr_par' dir='ltr' id='par_1_2' title="bbox 124 365 1178 889">
     <span class='ocr_line' id='line_1_2' title="bbox 125 365 1146 444; baseline 0 -18"><span class='ocrx_word' id='word_1_4' title='bbox 125 368 276 427; x_wconf 88' lang='lat' dir='ltr'>hominem</span> <span class='ocrx_word' id='word_1_5' title='bbox 299 368 351 443; x_wconf 93' lang='lat' dir='ltr'>qni</span> <span class='ocrx_word' id='word_1_6' title='bbox 377 367 537 444; x_wconf 81' lang='lat' dir='ltr'>piraticum</span> <span class='ocrx_word' id='word_1_7' title='bbox 564 385 723 442; x_wconf 78' lang='lat' dir='ltr'>carcerem,</span> <span class='ocrx_word' id='word_1_8' title='bbox 752 367 804 442; x_wconf 91' lang='lat' dir='ltr'>qui</span> <span class='ocrx_word' id='word_1_9' title='bbox 830 365 1013 442; x_wconf 89' lang='lat' dir='ltr'>praedonum</span> <span class='ocrx_word' id='word_1_10' title='bbox 1041 366 1146 426; x_wconf 85' lang='lat' dir='ltr'>vinela</span> 
     </span>
     <span class='ocr_line' id='line_1_3' title="bbox 126 455 1144 531; baseline -0.001 -15"><span class='ocrx_word' id='word_1_11' title='bbox 126 456 317 531; x_wconf 89' lang='lat' dir='ltr'>disousserat,</span> <span class='ocrx_word' id='word_1_12' title='bbox 344 456 496 528; x_wconf 79' lang='lat' dir='ltr'>decuerat,</span> <span class='ocrx_word' id='word_1_13' title='bbox 522 475 559 515; x_wconf 95' lang='lat' dir='ltr'>ne</span> <span class='ocrx_word' id='word_1_14' title='bbox 581 456 725 515; x_wconf 88' lang='lat' dir='ltr'>voluisset</span> <span class='ocrx_word' id='word_1_15' title='bbox 746 455 836 514; x_wconf 89' lang='lat' dir='ltr'>aliter</span> <span class='ocrx_word' id='word_1_16' title='bbox 857 457 975 515; x_wconf 87' lang='lat' dir='ltr'>reverti.</span> <span class='ocrx_word' id='word_1_17' title='bbox 1021 474 1057 514; x_wconf 85' lang='lat' dir='ltr'>ex</span> <span class='ocrx_word' id='word_1_18' title='bbox 1082 475 1144 531; x_wconf 91' lang='lat' dir='ltr'>quo</span> 
     </span>
     <span class='ocr_line' id='line_1_4' title="bbox 125 545 1144 622; baseline -0.002 -17"><span class='ocrx_word' id='word_1_19' title='bbox 125 564 156 605; x_wconf 92' lang='lat' dir='ltr'>se</span> <span class='ocrx_word' id='word_1_20' title='bbox 179 546 264 606; x_wconf 89' lang='lat' dir='ltr'>nobis</span> <span class='ocrx_word' id='word_1_21' title='bbox 282 547 368 605; x_wconf 88' lang='lat' dir='ltr'>tanto</span> <span class='ocrx_word' id='word_1_22' title='bbox 386 546 496 605; x_wconf 82' lang='lat' dir='ltr'>virium</span> <span class='ocrx_word' id='word_1_23' title='bbox 517 546 618 604; x_wconf 91' lang='lat' dir='ltr'>labore</span> <span class='ocrx_word' id='word_1_24' title='bbox 636 545 777 622; x_wconf 89' lang='lat' dir='ltr'>restituit,</span> <span class='ocrx_word' id='word_1_25' title='bbox 800 547 920 620; x_wconf 89' lang='lat' dir='ltr'>poterat</span> <span class='ocrx_word' id='word_1_26' title='bbox 938 545 1001 604; x_wconf 89' lang='lat' dir='ltr'>eius</span> <span class='ocrx_word' id='word_1_27' title='bbox 1020 564 1144 621; x_wconf 90' lang='lat' dir='ltr'>quoque</span> 
     </span>
     <span class='ocr_line' id='line_1_5' title="bbox 126 632 1144 711; baseline -0.002 -17"><span class='ocrx_word' id='word_1_28' title='bbox 126 635 353 694; x_wconf 77' lang='lat' dir='ltr'>admirationem</span> <span class='ocrx_word' id='word_1_29' title='bbox 375 635 482 693; x_wconf 88' lang='lat' dir='ltr'>mereri</span> <span class='ocrx_word' id='word_1_30' title='bbox 505 636 558 709; x_wconf 92' lang='lat' dir='ltr'>qui</span> <span class='ocrx_word' id='word_1_31' title='bbox 579 635 676 710; x_wconf 91' lang='lat' dir='ltr'>pretio</span> <span class='ocrx_word' id='word_1_32' title='bbox 700 634 790 711; x_wconf 91' lang='lat' dir='ltr'>paulo</span> <span class='ocrx_word' id='word_1_33' title='bbox 815 636 884 691; x_wconf 88' lang='lat' dir='ltr'>ante</span> <span class='ocrx_word' id='word_1_34' title='bbox 907 632 1049 692; x_wconf 77' lang='lat' dir='ltr'><strong>cessisset.</strong></span> <span class='ocrx_word' id='word_1_35' title='bbox 1099 634 1144 692; x_wconf 90' lang='lat' dir='ltr'>dii</span> 
     </span>
     <span class='ocr_line' id='line_1_6' title="bbox 124 721 1178 800; baseline 0.002 -18"><span class='ocrx_word' id='word_1_36' title='bbox 124 724 321 799; x_wconf 87' lang='lat' dir='ltr'>immortales,</span> <span class='ocrx_word' id='word_1_37' title='bbox 349 743 439 799; x_wconf 89' lang='lat' dir='ltr'>quam</span> <span class='ocrx_word' id='word_1_38' title='bbox 466 721 598 798; x_wconf 89' lang='lat' dir='ltr'>laudem,</span> <span class='ocrx_word' id='word_1_39' title='bbox 627 742 715 798; x_wconf 87' lang='lat' dir='ltr'>quem</span> <span class='ocrx_word' id='word_1_40' title='bbox 738 722 850 800; x_wconf 82' lang='lat' dir='ltr'>gloriae</span> <span class='ocrx_word' id='word_1_41' title='bbox 873 722 1007 782; x_wconf 87' lang='lat' dir='ltr'>favorem</span> <span class='ocrx_word' id='word_1_42' title='bbox 1034 722 1143 798; x_wconf 90' lang='lat' dir='ltr'>imple·</span> <span class='ocrx_word' id='word_1_43' title='bbox 1171 744 1178 784; x_wconf 83' lang='grc' dir='ltr'><strong>ε</strong></span> 
     </span>
     <span class='ocr_line' id='line_1_7' title="bbox 124 811 915 889; baseline -0.006 -16"><span class='ocrx_word' id='word_1_44' title='bbox 124 815 217 889; x_wconf 85' lang='lat' dir='ltr'>verat,</span> <span class='ocrx_word' id='word_1_45' title='bbox 240 815 266 872; x_wconf 89' lang='lat' dir='ltr'>si</span> <span class='ocrx_word' id='word_1_46' title='bbox 288 815 422 889; x_wconf 89' lang='lat' dir='ltr'>pasoeret</span> <span class='ocrx_word' id='word_1_47' title='bbox 444 815 569 888; x_wconf 88' lang='lat' dir='ltr'>patrem,</span> <span class='ocrx_word' id='word_1_48' title='bbox 591 811 757 870; x_wconf 87' lang='lat' dir='ltr'>redemerat</span> <span class='ocrx_word' id='word_1_49' title='bbox 779 811 915 870; x_wconf 81' lang='lat' dir='ltr'>fratrem!</span> 
     </span>
    </p>

    <p class='ocr_par' dir='ltr' id='par_1_3' title="bbox 123 900 1178 1244">
     <span class='ocr_line' id='line_1_8' title="bbox 191 900 1142 976; baseline -0.002 -16"><span class='ocrx_word' id='word_1_50' title='bbox 191 903 351 962; x_wconf 87' lang='lat' dir='ltr'>Relaturus</span> <span class='ocrx_word' id='word_1_51' title='bbox 365 900 458 976; x_wconf 85' lang='lat' dir='ltr'>vobis,</span> <span class='ocrx_word' id='word_1_52' title='bbox 476 900 596 975; x_wconf 81' lang='lat' dir='ltr'>indices,</span> <span class='ocrx_word' id='word_1_53' title='bbox 615 900 717 960; x_wconf 86' lang='lat' dir='ltr'>ordine</span> <span class='ocrx_word' id='word_1_54' title='bbox 735 901 883 958; x_wconf 90' lang='lat' dir='ltr'>malorum</span> <span class='ocrx_word' id='word_1_55' title='bbox 900 918 1035 958; x_wconf 88' lang='lat' dir='ltr'>meorum</span> <span class='ocrx_word' id='word_1_56' title='bbox 1052 918 1142 959; x_wconf 89' lang='lat' dir='ltr'>even-</span> 
     </span>
     <span class='ocr_line' id='line_1_9' title="bbox 123 988 1141 1066; baseline 0 -17"><span class='ocrx_word' id='word_1_57' title='bbox 123 992 189 1049; x_wconf 90' lang='lat' dir='ltr'>tum</span> <span class='ocrx_word' id='word_1_58' title='bbox 212 1010 300 1066; x_wconf 92' lang='lat' dir='ltr'>quem</span> <span class='ocrx_word' id='word_1_59' title='bbox 326 1008 413 1048; x_wconf 93' lang='lat' dir='ltr'>nemo</span> <span class='ocrx_word' id='word_1_60' title='bbox 440 992 505 1048; x_wconf 93' lang='lat' dir='ltr'>tam</span> <span class='ocrx_word' id='word_1_61' title='bbox 532 989 672 1065; x_wconf 89' lang='lat' dir='ltr'>erudelis,</span> <span class='ocrx_word' id='word_1_62' title='bbox 698 1008 785 1048; x_wconf 93' lang='lat' dir='ltr'>nemo</span> <span class='ocrx_word' id='word_1_63' title='bbox 812 991 876 1048; x_wconf 88' lang='lat' dir='ltr'>tam</span> <span class='ocrx_word' id='word_1_64' title='bbox 899 1006 1003 1048; x_wconf 86' lang='lat' dir='ltr'>saevus</span> <span class='ocrx_word' id='word_1_65' title='bbox 1027 988 1141 1065; x_wconf 79' lang='lat' dir='ltr'>audiet,</span> 
     </span>
     <span class='ocr_line' id='line_1_10' title="bbox 124 1077 1141 1155; baseline 0 -18"><span class='ocrx_word' id='word_1_66' title='bbox 124 1082 158 1138; x_wconf 89' lang='lat' dir='ltr'>ut</span> <span class='ocrx_word' id='word_1_67' title='bbox 180 1098 227 1137; x_wconf 93' lang='lat' dir='ltr'>me</span> <span class='ocrx_word' id='word_1_68' title='bbox 249 1098 309 1137; x_wconf 94' lang='lat' dir='ltr'>non</span> <span class='ocrx_word' id='word_1_69' title='bbox 336 1081 453 1155; x_wconf 87' lang='lat' dir='ltr'>paseat,</span> <span class='ocrx_word' id='word_1_70' title='bbox 479 1078 559 1138; x_wconf 88' lang='lat' dir='ltr'>huno</span> <span class='ocrx_word' id='word_1_71' title='bbox 587 1081 655 1137; x_wconf 89' lang='lat' dir='ltr'>ante</span> <span class='ocrx_word' id='word_1_72' title='bbox 683 1078 783 1137; x_wconf 89' lang='lat' dir='ltr'>omnia</span> <span class='ocrx_word' id='word_1_73' title='bbox 811 1078 862 1153; x_wconf 92' lang='lat' dir='ltr'>qui</span> <span class='ocrx_word' id='word_1_74' title='bbox 890 1095 920 1136; x_wconf 87' lang='lat' dir='ltr'>se</span> <span class='ocrx_word' id='word_1_75' title='bbox 944 1077 1079 1153; x_wconf 90' lang='lat' dir='ltr'>queritur</span> <span class='ocrx_word' id='word_1_76' title='bbox 1108 1080 1141 1137; x_wconf 93' lang='lat' dir='ltr'>in</span> 
     </span>
     <span class='ocr_line' id='line_1_11' title="bbox 123 1165 1178 1244; baseline 0.004 -18"><span class='ocrx_word' id='word_1_77' title='bbox 123 1168 226 1226; x_wconf 85' lang='lat' dir='ltr'>fratris</span> <span class='ocrx_word' id='word_1_78' title='bbox 256 1167 477 1243; x_wconf 79' lang='lat' dir='ltr'>comparatione</span> <span class='ocrx_word' id='word_1_79' title='bbox 507 1167 696 1243; x_wconf 88' lang='lat' dir='ltr'>damnatum,</span> <span class='ocrx_word' id='word_1_80' title='bbox 725 1167 831 1226; x_wconf 77' lang='lat' dir='ltr'>secreti</span> <span class='ocrx_word' id='word_1_81' title='bbox 860 1165 970 1226; x_wconf 91' lang='lat' dir='ltr'>doloris</span> <span class='ocrx_word' id='word_1_82' title='bbox 1000 1166 1140 1244; x_wconf 82' lang='lat' dir='ltr'>indigna·</span> <span class='ocrx_word' id='word_1_83' title='bbox 1156 1190 1178 1230; x_wconf 83' lang='lat' dir='ltr'>re</span> 
     </span>
    </p>
   </div>
   <div class='ocr_carea' id='block_1_3' title="bbox 86 1253 1178 1868">
    <p class='ocr_par' dir='ltr' id='par_1_4' title="bbox 123 1253 1140 1513">
     <span class='ocr_line' id='line_1_12' title="bbox 123 1253 1140 1333; baseline 0.001 -19"><span class='ocrx_word' id='word_1_84' title='bbox 123 1256 204 1315; x_wconf 91' lang='lat' dir='ltr'>tione</span> <span class='ocrx_word' id='word_1_85' title='bbox 228 1256 377 1315; x_wconf 79' lang='lat' dir='ltr'>convenio.</span> <span class='ocrx_word' id='word_1_86' title='bbox 415 1256 488 1332; x_wconf 93' lang='lat' dir='ltr'>quid</span> <span class='ocrx_word' id='word_1_87' title='bbox 511 1259 586 1333; x_wconf 83' lang='lat' dir='ltr'>agis,</span> <span class='ocrx_word' id='word_1_88' title='bbox 608 1258 765 1332; x_wconf 75' lang='lat' dir='ltr'>impotens,</span> <span class='ocrx_word' id='word_1_89' title='bbox 788 1253 935 1333; x_wconf 75' lang='lat' dir='ltr'>superbe?</span> <span class='ocrx_word' id='word_1_90' title='bbox 975 1258 1009 1313; x_wconf 88' lang='lat' dir='ltr'>tu</span> <span class='ocrx_word' id='word_1_91' title='bbox 1032 1256 1140 1332; x_wconf 81' lang='lat' dir='ltr'>neseis,</span> 
     </span>
     <span class='ocr_line' id='line_1_13' title="bbox 123 1344 1139 1423; baseline 0.002 -20"><span class='ocrx_word' id='word_1_92' title='bbox 123 1348 225 1403; x_wconf 88' lang='lat' dir='ltr'>utrum</span> <span class='ocrx_word' id='word_1_93' title='bbox 256 1346 363 1404; x_wconf 90' lang='lat' dir='ltr'>fuerim</span> <span class='ocrx_word' id='word_1_94' title='bbox 390 1345 595 1423; x_wconf 78' lang='lat' dir='ltr'>redempturus</span> <span class='ocrx_word' id='word_1_95' title='bbox 628 1364 663 1403; x_wconf 83' lang='lat' dir='ltr'>ex</span> <span class='ocrx_word' id='word_1_96' title='bbox 690 1344 805 1403; x_wconf 89' lang='lat' dir='ltr'>duobus</span> <span class='ocrx_word' id='word_1_97' title='bbox 833 1346 927 1419; x_wconf 88' lang='lat' dir='ltr'>sanis,</span> <span class='ocrx_word' id='word_1_98' title='bbox 958 1363 993 1401; x_wconf 84' lang='lat' dir='ltr'>er</span> <span class='ocrx_word' id='word_1_99' title='bbox 1022 1344 1139 1405; x_wconf 91' lang='lat' dir='ltr'>duobus</span> 
     </span>
     <span class='ocr_line' id='line_1_14' title="bbox 124 1453 933 1513; baseline -0.001 -20"><span class='ocrx_word' id='word_1_100' title='bbox 124 1453 228 1513; x_wconf 72' lang='lat' dir='ltr'>aegris.</span> <span class='ocrx_word' id='word_1_101' title='bbox 928 1496 933 1501; x_wconf 65' lang='grc'><strong>,</strong></span> 
     </span>
    </p>

    <p class='ocr_par' dir='ltr' id='par_1_5' title="bbox 122 1521 1178 1778">
     <span class='ocr_line' id='line_1_15' title="bbox 189 1521 1139 1599; baseline -0.002 -17"><span class='ocrx_word' id='word_1_102' title='bbox 189 1523 291 1582; x_wconf 80' lang='lat' dir='ltr'>Habui</span> <span class='ocrx_word' id='word_1_103' title='bbox 313 1523 404 1599; x_wconf 89' lang='lat' dir='ltr'>enim,</span> <span class='ocrx_word' id='word_1_104' title='bbox 426 1523 553 1598; x_wconf 83' lang='lat' dir='ltr'>iudices,</span> <span class='ocrx_word' id='word_1_105' title='bbox 579 1522 657 1582; x_wconf 90' lang='lat' dir='ltr'>filios</span> <span class='ocrx_word' id='word_1_106' title='bbox 680 1521 881 1582; x_wconf 89' lang='lat' dir='ltr'>diversissima</span> <span class='ocrx_word' id='word_1_107' title='bbox 902 1522 1049 1580; x_wconf 87' lang='lat' dir='ltr'>mentium</span> <span class='ocrx_word' id='word_1_108' title='bbox 1073 1541 1139 1580; x_wconf 85' lang='lat' dir='ltr'>oor·</span> 
     </span>
     <span class='ocr_line' id='line_1_16' title="bbox 122 1610 1178 1689; baseline 0.002 -17"><span class='ocrx_word' id='word_1_109' title='bbox 122 1631 286 1689; x_wconf 90' lang='lat' dir='ltr'>porumque</span> <span class='ocrx_word' id='word_1_110' title='bbox 319 1613 465 1688; x_wconf 76' lang='lat' dir='ltr'>qualitate</span> <span class='ocrx_word' id='word_1_111' title='bbox 498 1614 676 1689; x_wconf 80' lang='lat' dir='ltr'>compositos</span> <span class='ocrx_word' id='word_1_112' title='bbox 709 1615 752 1686; x_wconf 90' lang='lat' dir='ltr'>et,</span> <span class='ocrx_word' id='word_1_113' title='bbox 788 1612 866 1670; x_wconf 89' lang='lat' dir='ltr'>siout</span> <span class='ocrx_word' id='word_1_114' title='bbox 896 1629 965 1670; x_wconf 84' lang='lat' dir='ltr'>mox</span> <span class='ocrx_word' id='word_1_115' title='bbox 997 1610 1140 1686; x_wconf 85' lang='lat' dir='ltr'>probavit</span> <span class='ocrx_word' id='word_1_116' title='bbox 1155 1633 1178 1674; x_wconf 81' lang='lat' dir='ltr'>rs</span> 
     </span>
     <span class='ocr_line' id='line_1_17' title="bbox 123 1699 1138 1778; baseline -0.002 -17"><span class='ocrx_word' id='word_1_117' title='bbox 123 1720 212 1762; x_wconf 81' lang='lat' dir='ltr'>saeva</span> <span class='ocrx_word' id='word_1_118' title='bbox 235 1703 407 1778; x_wconf 85' lang='lat' dir='ltr'>eaptivitas,</span> <span class='ocrx_word' id='word_1_119' title='bbox 435 1702 468 1759; x_wconf 94' lang='lat' dir='ltr'>in</span> <span class='ocrx_word' id='word_1_120' title='bbox 494 1703 592 1761; x_wconf 88' lang='lat' dir='ltr'>totam</span> <span class='ocrx_word' id='word_1_121' title='bbox 620 1700 892 1760; x_wconf 89' lang='lat' dir='ltr'>dissimilitudinem</span> <span class='ocrx_word' id='word_1_122' title='bbox 913 1699 993 1758; x_wconf 90' lang='lat' dir='ltr'>vitae</span> <span class='ocrx_word' id='word_1_123' title='bbox 1017 1708 1138 1775; x_wconf 88' lang='lat' dir='ltr'>quoque</span> 
     </span>
    </p>

    <p class='ocr_par' dir='ltr' id='par_1_6' title="bbox 86 1789 1138 1868">
     <span class='ocr_line' id='line_1_18' title="bbox 86 1789 1138 1868; baseline 0 -21"><span class='ocrx_word' id='word_1_124' title='bbox 86 1791 230 1868; x_wconf 76' lang='lat' dir='ltr'>ligenere</span> <span class='ocrx_word' id='word_1_125' title='bbox 261 1790 406 1849; x_wconf 87' lang='lat' dir='ltr'>didnotos.</span> <span class='ocrx_word' id='word_1_126' title='bbox 452 1791 501 1849; x_wconf 87' lang='lat' dir='ltr'>hio</span> <span class='ocrx_word' id='word_1_127' title='bbox 531 1809 659 1865; x_wconf 88' lang='lat' dir='ltr'>namque</span> <span class='ocrx_word' id='word_1_128' title='bbox 690 1789 828 1849; x_wconf 84' lang='lat' dir='ltr'>robustus</span> <span class='ocrx_word' id='word_1_129' title='bbox 860 1806 895 1848; x_wconf 87' lang='lat' dir='ltr'>ae</span> <span class='ocrx_word' id='word_1_130' title='bbox 925 1790 1043 1865; x_wconf 87' lang='lat' dir='ltr'>patiens</span> <span class='ocrx_word' id='word_1_131' title='bbox 1075 1808 1138 1848; x_wconf 90' lang='lat' dir='ltr'>non</span> 
     </span>
    </p>
   </div>
   <div class='ocr_carea' id='block_1_4' title="bbox 119 1879 1178 3022">
    <p class='ocr_par' dir='ltr' id='par_1_7' title="bbox 119 1879 1178 3022">
     <span class='ocr_line' id='line_1_19' title="bbox 121 1879 1136 1956; baseline -0.001 -19"><span class='ocrx_word' id='word_1_132' title='bbox 121 1879 233 1939; x_wconf 88' lang='lat' dir='ltr'>molliri</span> <span class='ocrx_word' id='word_1_133' title='bbox 255 1880 404 1955; x_wconf 89' lang='lat' dir='ltr'>prosperis</span> <span class='ocrx_word' id='word_1_134' title='bbox 427 1879 529 1954; x_wconf 75' lang='lat' dir='ltr'>facile,</span> <span class='ocrx_word' id='word_1_135' title='bbox 552 1898 611 1938; x_wconf 91' lang='lat' dir='ltr'>non</span> <span class='ocrx_word' id='word_1_136' title='bbox 635 1879 835 1938; x_wconf 79' lang='lat' dir='ltr'>assidentibus</span> <span class='ocrx_word' id='word_1_137' title='bbox 858 1879 971 1956; x_wconf 78' lang='lat' dir='ltr'>frangi,</span> <span class='ocrx_word' id='word_1_138' title='bbox 995 1881 1024 1937; x_wconf 89' lang='lat' dir='ltr'>et</span> <span class='ocrx_word' id='word_1_139' title='bbox 1047 1897 1136 1953; x_wconf 91' lang='lat' dir='ltr'>quem</span> 
     </span>
     <span class='ocr_line' id='line_1_20' title="bbox 122 1967 1137 2045; baseline -0.002 -19"><span class='ocrx_word' id='word_1_140' title='bbox 122 1967 157 2026; x_wconf 91' lang='lat' dir='ltr'>de</span> <span class='ocrx_word' id='word_1_141' title='bbox 190 1968 391 2044; x_wconf 90' lang='lat' dir='ltr'>voluptatium</span> <span class='ocrx_word' id='word_1_142' title='bbox 428 1967 662 2045; x_wconf 74' lang='lat' dir='ltr'>gaudiorumque</span> <span class='ocrx_word' id='word_1_143' title='bbox 699 1968 870 2043; x_wconf 83' lang='lat' dir='ltr'>contemptu</span> <span class='ocrx_word' id='word_1_144' title='bbox 907 1969 995 2026; x_wconf 83' lang='lat' dir='ltr'>scires</span> <span class='ocrx_word' id='word_1_145' title='bbox 1031 1985 1137 2042; x_wconf 89' lang='lat' dir='ltr'>parem</span> 
     </span>
     <span class='ocr_line' id='line_1_21' title="bbox 121 2055 1178 2132; baseline 0.005 -19"><span class='ocrx_word' id='word_1_146' title='bbox 121 2055 298 2132; x_wconf 80' lang='lat' dir='ltr'>quandoque</span> <span class='ocrx_word' id='word_1_147' title='bbox 320 2057 462 2132; x_wconf 90' lang='lat' dir='ltr'>fortuitis,</span> <span class='ocrx_word' id='word_1_148' title='bbox 486 2059 619 2116; x_wconf 83' lang='lat' dir='ltr'>traxerat</span> <span class='ocrx_word' id='word_1_149' title='bbox 642 2076 678 2115; x_wconf 83' lang='lat' dir='ltr'>er</span> <span class='ocrx_word' id='word_1_150' title='bbox 699 2056 841 2115; x_wconf 88' lang='lat' dir='ltr'>firmitate</span> <span class='ocrx_word' id='word_1_151' title='bbox 864 2058 971 2115; x_wconf 88' lang='lat' dir='ltr'>mentis</span> <span class='ocrx_word' id='word_1_152' title='bbox 994 2075 1137 2132; x_wconf 88' lang='lat' dir='ltr'>magnam</span> <span class='ocrx_word' id='word_1_153' title='bbox 1152 2080 1178 2118; x_wconf 84' lang='lat' dir='ltr'>so</span> 
     </span>
     <span class='ocr_line' id='line_1_22' title="bbox 120 2145 1136 2221; baseline -0.002 -18"><span class='ocrx_word' id='word_1_154' title='bbox 120 2145 257 2221; x_wconf 88' lang='lat' dir='ltr'>protinus</span> <span class='ocrx_word' id='word_1_155' title='bbox 281 2146 365 2203; x_wconf 91' lang='lat' dir='ltr'>etin</span> <span class='ocrx_word' id='word_1_156' title='bbox 387 2146 519 2205; x_wconf 91' lang='lat' dir='ltr'>membra</span> <span class='ocrx_word' id='word_1_157' title='bbox 542 2145 748 2205; x_wconf 81' lang='lat' dir='ltr'>constantiam.</span> <span class='ocrx_word' id='word_1_158' title='bbox 793 2145 845 2203; x_wconf 91' lang='lat' dir='ltr'>ille</span> <span class='ocrx_word' id='word_1_159' title='bbox 868 2163 938 2204; x_wconf 89' lang='lat' dir='ltr'>vero</span> <span class='ocrx_word' id='word_1_160' title='bbox 966 2145 1080 2221; x_wconf 88' lang='lat' dir='ltr'>pariter</span> <span class='ocrx_word' id='word_1_161' title='bbox 1101 2146 1136 2202; x_wconf 87' lang='lat' dir='ltr'>in</span> 
     </span>
     <span class='ocr_line' id='line_1_23' title="bbox 122 2232 1135 2309; baseline -0.002 -18"><span class='ocrx_word' id='word_1_162' title='bbox 122 2233 268 2292; x_wconf 85' lang='lat' dir='ltr'>laetitiam</span> <span class='ocrx_word' id='word_1_163' title='bbox 292 2236 449 2309; x_wconf 90' lang='lat' dir='ltr'>metusque</span> <span class='ocrx_word' id='word_1_164' title='bbox 467 2235 623 2309; x_wconf 90' lang='lat' dir='ltr'>resolutus,</span> <span class='ocrx_word' id='word_1_165' title='bbox 646 2235 760 2293; x_wconf 86' lang='lat' dir='ltr'>alienus</span> <span class='ocrx_word' id='word_1_166' title='bbox 780 2253 798 2292; x_wconf 90' lang='lat' dir='ltr'>a</span> <span class='ocrx_word' id='word_1_167' title='bbox 816 2235 902 2307; x_wconf 87' lang='lat' dir='ltr'>euris,</span> <span class='ocrx_word' id='word_1_168' title='bbox 926 2232 1135 2292; x_wconf 79' lang='lat' dir='ltr'>sollicitudini-</span> 
     </span>
     <span class='ocr_line' id='line_1_24' title="bbox 120 2321 1136 2399; baseline 0.001 -20"><span class='ocrx_word' id='word_1_169' title='bbox 120 2321 174 2381; x_wconf 90' lang='lat' dir='ltr'>bus</span> <span class='ocrx_word' id='word_1_170' title='bbox 197 2324 302 2398; x_wconf 87' lang='lat' dir='ltr'>impar,</span> <span class='ocrx_word' id='word_1_171' title='bbox 326 2321 478 2399; x_wconf 87' lang='lat' dir='ltr'>delioatus,</span> <span class='ocrx_word' id='word_1_172' title='bbox 500 2323 667 2398; x_wconf 83' lang='lat' dir='ltr'>impatiens,</span> <span class='ocrx_word' id='word_1_173' title='bbox 692 2325 722 2382; x_wconf 89' lang='lat' dir='ltr'>et</span> <span class='ocrx_word' id='word_1_174' title='bbox 743 2324 805 2380; x_wconf 91' lang='lat' dir='ltr'>iam</span> <span class='ocrx_word' id='word_1_175' title='bbox 823 2322 928 2381; x_wconf 88' lang='lat' dir='ltr'>similis</span> <span class='ocrx_word' id='word_1_176' title='bbox 948 2340 1044 2399; x_wconf 83' lang='lat' dir='ltr'>aegro.</span> <span class='ocrx_word' id='word_1_177' title='bbox 1082 2321 1136 2381; x_wconf 90' lang='lat' dir='ltr'>sed</span> 
     </span>
     <span class='ocr_line' id='line_1_25' title="bbox 121 2410 1135 2488; baseline -0.001 -19"><span class='ocrx_word' id='word_1_178' title='bbox 121 2411 200 2488; x_wconf 93' lang='lat' dir='ltr'>apud</span> <span class='ocrx_word' id='word_1_179' title='bbox 222 2412 318 2487; x_wconf 85' lang='lat' dir='ltr'>patris</span> <span class='ocrx_word' id='word_1_180' title='bbox 339 2410 461 2470; x_wconf 83' lang='lat' dir='ltr'>affectus</span> <span class='ocrx_word' id='word_1_181' title='bbox 483 2412 557 2470; x_wconf 87' lang='lat' dir='ltr'>haee</span> <span class='ocrx_word' id='word_1_182' title='bbox 578 2412 645 2487; x_wconf 90' lang='lat' dir='ltr'>ipsa</span> <span class='ocrx_word' id='word_1_183' title='bbox 667 2411 776 2471; x_wconf 84' lang='lat' dir='ltr'>liberos</span> <span class='ocrx_word' id='word_1_184' title='bbox 795 2410 1006 2470; x_wconf 88' lang='lat' dir='ltr'>dissimilitudo</span> <span class='ocrx_word' id='word_1_185' title='bbox 1029 2411 1135 2487; x_wconf 84' lang='lat' dir='ltr'>iunge-</span> 
     </span>
     <span class='ocr_line' id='line_1_26' title="bbox 120 2500 1176 2577; baseline 0.003 -17"><span class='ocrx_word' id='word_1_186' title='bbox 120 2501 181 2576; x_wconf 87' lang='lat' dir='ltr'>bat,</span> <span class='ocrx_word' id='word_1_187' title='bbox 205 2503 235 2560; x_wconf 88' lang='lat' dir='ltr'>et</span> <span class='ocrx_word' id='word_1_188' title='bbox 258 2503 324 2560; x_wconf 90' lang='lat' dir='ltr'>erat</span> <span class='ocrx_word' id='word_1_189' title='bbox 346 2500 492 2577; x_wconf 88' lang='lat' dir='ltr'>quaedam</span> <span class='ocrx_word' id='word_1_190' title='bbox 513 2502 546 2558; x_wconf 90' lang='lat' dir='ltr'>in</span> <span class='ocrx_word' id='word_1_191' title='bbox 568 2501 782 2577; x_wconf 89' lang='lat' dir='ltr'>inaequalitate</span> <span class='ocrx_word' id='word_1_192' title='bbox 807 2500 941 2560; x_wconf 84' lang='lat' dir='ltr'>caritatis</span> <span class='ocrx_word' id='word_1_193' title='bbox 965 2500 1133 2574; x_wconf 88' lang='lat' dir='ltr'>aequalitas</span> <span class='ocrx_word' id='word_1_194' title='bbox 1149 2524 1176 2562; x_wconf 80' lang='lat' dir='ltr'>as</span> 
     </span>
     <span class='ocr_line' id='line_1_27' title="bbox 121 2587 1133 2666; baseline 0 -19"><span class='ocrx_word' id='word_1_195' title='bbox 121 2587 199 2665; x_wconf 93' lang='lat' dir='ltr'>quod</span> <span class='ocrx_word' id='word_1_196' title='bbox 222 2590 300 2649; x_wconf 88' lang='lat' dir='ltr'>huno</span> <span class='ocrx_word' id='word_1_197' title='bbox 323 2591 397 2650; x_wconf 92' lang='lat' dir='ltr'>serie</span> <span class='ocrx_word' id='word_1_198' title='bbox 420 2589 633 2666; x_wconf 89' lang='lat' dir='ltr'>laudatumque</span> <span class='ocrx_word' id='word_1_199' title='bbox 656 2608 780 2666; x_wconf 88' lang='lat' dir='ltr'>semper,</span> <span class='ocrx_word' id='word_1_200' title='bbox 807 2589 894 2647; x_wconf 90' lang='lat' dir='ltr'>illum</span> <span class='ocrx_word' id='word_1_201' title='bbox 918 2591 980 2647; x_wconf 91' lang='lat' dir='ltr'>iam</span> <span class='ocrx_word' id='word_1_202' title='bbox 1003 2589 1133 2664; x_wconf 89' lang='lat' dir='ltr'>quadarn</span> 
     </span>
     <span class='ocr_line' id='line_1_28' title="bbox 119 2675 1134 2757; baseline 0.001 -21"><span class='ocrx_word' id='word_1_203' title='bbox 119 2680 309 2738; x_wconf 86' lang='lat' dir='ltr'>miseratione</span> <span class='ocrx_word' id='word_1_204' title='bbox 323 2678 484 2757; x_wconf 83' lang='lat' dir='ltr'>diligerem.</span> <span class='ocrx_word' id='word_1_205' title='bbox 522 2679 595 2755; x_wconf 92' lang='lat' dir='ltr'>qnid</span> <span class='ocrx_word' id='word_1_206' title='bbox 613 2680 727 2757; x_wconf 92' lang='lat' dir='ltr'>profuit</span> <span class='ocrx_word' id='word_1_207' title='bbox 744 2677 900 2737; x_wconf 82' lang='lat' dir='ltr'>individua</span> <span class='ocrx_word' id='word_1_208' title='bbox 913 2675 1031 2755; x_wconf 82' lang='lat' dir='ltr'>pietas?</span> <span class='ocrx_word' id='word_1_209' title='bbox 1068 2680 1134 2737; x_wconf 90' lang='lat' dir='ltr'>erat</span> 
     </span>
     <span class='ocr_line' id='line_1_29' title="bbox 120 2767 1132 2844; baseline 0 -18"><span class='ocrx_word' id='word_1_210' title='bbox 120 2769 211 2826; x_wconf 90' lang='lat' dir='ltr'>etiam</span> <span class='ocrx_word' id='word_1_211' title='bbox 242 2787 289 2827; x_wconf 89' lang='lat' dir='ltr'>me</span> <span class='ocrx_word' id='word_1_212' title='bbox 320 2769 439 2828; x_wconf 89' lang='lat' dir='ltr'>nolente</span> <span class='ocrx_word' id='word_1_213' title='bbox 471 2769 675 2844; x_wconf 86' lang='lat' dir='ltr'>manifestum,</span> <span class='ocrx_word' id='word_1_214' title='bbox 712 2769 807 2827; x_wconf 91' lang='lat' dir='ltr'>utrius</span> <span class='ocrx_word' id='word_1_215' title='bbox 839 2769 934 2844; x_wconf 80' lang='lat' dir='ltr'>magis</span> <span class='ocrx_word' id='word_1_216' title='bbox 967 2767 1132 2842; x_wconf 79' lang='lat' dir='ltr'>colloquiis,</span> 
     </span>
     <span class='ocr_line' id='line_1_30' title="bbox 119 2855 1131 2934; baseline -0.001 -20"><span class='ocrx_word' id='word_1_217' title='bbox 119 2857 214 2933; x_wconf 80' lang='lat' dir='ltr'>magis</span> <span class='ocrx_word' id='word_1_218' title='bbox 237 2856 367 2915; x_wconf 88' lang='lat' dir='ltr'>laetarer</span> <span class='ocrx_word' id='word_1_219' title='bbox 389 2859 518 2934; x_wconf 85' lang='lat' dir='ltr'>aspectu.</span> <span class='ocrx_word' id='word_1_220' title='bbox 564 2857 647 2932; x_wconf 86' lang='lat' dir='ltr'>velit,</span> <span class='ocrx_word' id='word_1_221' title='bbox 669 2858 759 2932; x_wconf 89' lang='lat' dir='ltr'>nolit,</span> <span class='ocrx_word' id='word_1_222' title='bbox 781 2855 902 2930; x_wconf 85' lang='lat' dir='ltr'>iudices,</span> <span class='ocrx_word' id='word_1_223' title='bbox 924 2857 991 2930; x_wconf 89' lang='lat' dir='ltr'>ipsa</span> <span class='ocrx_word' id='word_1_224' title='bbox 1014 2874 1131 2931; x_wconf 92' lang='lat' dir='ltr'>quoque</span> 
     </span>
     <span class='ocr_line' id='line_1_31' title="bbox 120 2943 1174 3022; baseline 0.006 -20"><span class='ocrx_word' id='word_1_225' title='bbox 120 2945 240 3020; x_wconf 87' lang='lat' dir='ltr'>querela</span> <span class='ocrx_word' id='word_1_226' title='bbox 270 2947 387 3005; x_wconf 88' lang='lat' dir='ltr'>iuvenis</span> <span class='ocrx_word' id='word_1_227' title='bbox 416 2945 487 3022; x_wconf 92' lang='lat' dir='ltr'>quid</span> <span class='ocrx_word' id='word_1_228' title='bbox 515 2945 551 3005; x_wconf 96' lang='lat' dir='ltr'>de</span> <span class='ocrx_word' id='word_1_229' title='bbox 579 2946 675 3022; x_wconf 84' lang='lat' dir='ltr'>patris</span> <span class='ocrx_word' id='word_1_230' title='bbox 706 2947 838 3005; x_wconf 85' lang='lat' dir='ltr'>fateatur</span> <span class='ocrx_word' id='word_1_231' title='bbox 870 2945 982 3018; x_wconf 89' lang='lat' dir='ltr'>animo,</span> <span class='ocrx_word' id='word_1_232' title='bbox 1013 2943 1131 3020; x_wconf 90' lang='lat' dir='ltr'>probat.</span> <span class='ocrx_word' id='word_1_233' title='bbox 1146 2968 1174 3007; x_wconf 77' lang='lat' dir='ltr'>ao</span> 
     </span>
    </p>
   </div>
   <div class='ocr_carea' id='block_1_5' title="bbox 116 3077 1134 3648">
    <p class='ocr_par' dir='ltr' id='par_1_8' title="bbox 116 3077 1134 3648">
     <span class='ocr_line' id='line_1_32' title="bbox 188 3077 1131 3145; baseline -0.002 -14"><span class='ocrx_word' id='word_1_234' title='bbox 188 3085 206 3132; x_wconf 83' lang='lat'>4</span> <span class='ocrx_word' id='word_1_235' title='bbox 230 3078 271 3132; x_wconf 91' lang='lat' dir='ltr'>dii</span> <span class='ocrx_word' id='word_1_236' title='bbox 293 3079 478 3135; x_wconf 84' lang='lat' dir='ltr'>immortales:</span> <span class='ocrx_word' id='word_1_237' title='bbox 505 3080 572 3134; x_wconf 91' lang='lat' dir='ltr'>dnm</span> <span class='ocrx_word' id='word_1_238' title='bbox 593 3079 726 3134; x_wconf 89' lang='lat' dir='ltr'>mortales</span> <span class='ocrx_word' id='word_1_239' title='bbox 749 3088 802 3131; x_wconf 80' lang='lat' dir='ltr'>BV</span> <span class='ocrx_word' id='word_1_240' title='bbox 888 3084 903 3130; x_wconf 84' lang='lat'>6</span> <span class='ocrx_word' id='word_1_241' title='bbox 927 3077 1079 3132; x_wconf 86' lang='lat' dir='ltr'>redimerat</span> <span class='ocrx_word' id='word_1_242' title='bbox 1101 3087 1131 3145; x_wconf 79' lang='lat' dir='ltr'>V3</span> 
     </span>
     <span class='ocr_line' id='line_1_33' title="bbox 117 3148 1132 3216; baseline 0 -14"><span class='ocrx_word' id='word_1_243' title='bbox 117 3149 316 3204; x_wconf 73' lang='lat' dir='ltr'>redimeretur</span> <span class='ocrx_word' id='word_1_244' title='bbox 387 3157 402 3205; x_wconf 76' lang='lat' dir='ltr'>‘l</span> <span class='ocrx_word' id='word_1_245' title='bbox 422 3151 548 3206; x_wconf 86' lang='lat' dir='ltr'>ordinem</span> <span class='ocrx_word' id='word_1_246' title='bbox 566 3151 679 3205; x_wconf 84' lang='lat' dir='ltr'>namhio</span> <span class='ocrx_word' id='word_1_247' title='bbox 697 3150 835 3204; x_wconf 89' lang='lat' dir='ltr'>malorum</span> <span class='ocrx_word' id='word_1_248' title='bbox 848 3159 908 3216; x_wconf 70' lang='lat'>31¹3</span> <span class='ocrx_word' id='word_1_249' title='bbox 928 3148 1053 3204; x_wconf 88' lang='lat' dir='ltr'>ordinem</span> <span class='ocrx_word' id='word_1_250' title='bbox 1072 3165 1132 3203; x_wconf 90' lang='lat' dir='ltr'>ma-</span> 
     </span>
     <span class='ocr_line' id='line_1_34' title="bbox 118 3220 1134 3289; baseline 0 -16"><span class='ocrx_word' id='word_1_251' title='bbox 118 3220 209 3274; x_wconf 92' lang='lat' dir='ltr'>lorum</span> <span class='ocrx_word' id='word_1_252' title='bbox 223 3231 264 3287; x_wconf 77' lang='lat'>113</span> <span class='ocrx_word' id='word_1_253' title='bbox 282 3222 402 3289; x_wconf 68' lang='lat' dir='ltr'>fueritis</span> <span class='ocrx_word' id='word_1_254' title='bbox 420 3222 518 3277; x_wconf 87' lang='lat' dir='ltr'>ordine</span> <span class='ocrx_word' id='word_1_255' title='bbox 536 3238 646 3278; x_wconf 90' lang='lat' dir='ltr'>omnem</span> <span class='ocrx_word' id='word_1_256' title='bbox 664 3221 711 3275; x_wconf 87' lang='lat' dir='ltr'>hio</span> <span class='ocrx_word' id='word_1_257' title='bbox 728 3221 867 3276; x_wconf 88' lang='lat' dir='ltr'>malorum</span> <span class='ocrx_word' id='word_1_258' title='bbox 885 3220 900 3274; x_wconf 69' lang='lat'><strong><em>3</em></strong></span> <span class='ocrx_word' id='word_1_259' title='bbox 967 3221 1068 3274; x_wconf 86' lang='lat' dir='ltr'>eventu</span> <span class='ocrx_word' id='word_1_260' title='bbox 1086 3230 1134 3273; x_wconf 79' lang='lat' dir='ltr'>Bo</span> 
     </span>
     <span class='ocr_line' id='line_1_35' title="bbox 119 3291 1131 3365; baseline -0.002 -19"><span class='ocrx_word' id='word_1_261' title='bbox 119 3297 152 3346; x_wconf 93' lang='lat'>10</span> <span class='ocrx_word' id='word_1_262' title='bbox 176 3293 385 3363; x_wconf 75' lang='lat' dir='ltr'>comparatione</span> <span class='ocrx_word' id='word_1_263' title='bbox 402 3304 431 3347; x_wconf 80' lang='lat' dir='ltr'><em>B</em></span> <span class='ocrx_word' id='word_1_264' title='bbox 446 3296 473 3364; x_wconf 73' lang='grc' dir='ltr'>(ὅ</span> <span class='ocrx_word' id='word_1_265' title='bbox 491 3293 543 3365; x_wconf 68' lang='grc' dir='ltr'>ῠὲ)</span> <span class='ocrx_word' id='word_1_266' title='bbox 613 3298 645 3349; x_wconf 80' lang='grc'>15</span> <span class='ocrx_word' id='word_1_267' title='bbox 669 3292 785 3348; x_wconf 87' lang='lat' dir='ltr'>oalitate</span> <span class='ocrx_word' id='word_1_268' title='bbox 806 3302 828 3345; x_wconf 78' lang='lat' dir='ltr'><strong><em>V</em></strong></span> <span class='ocrx_word' id='word_1_269' title='bbox 897 3297 929 3346; x_wconf 88' lang='lat'>19</span> <span class='ocrx_word' id='word_1_270' title='bbox 952 3291 1131 3360; x_wconf 87' lang='lat' dir='ltr'>voluptatum</span> 
     </span>
     <span class='ocr_line' id='line_1_36' title="bbox 121 3361 1131 3435; baseline -0.001 -19"><span class='ocrx_word' id='word_1_271' title='bbox 121 3373 160 3416; x_wconf 75' lang='lat' dir='ltr'>ve</span> <span class='ocrx_word' id='word_1_272' title='bbox 218 3363 431 3420; x_wconf 77' lang='lat' dir='ltr'>23iamom.1</span> <span class='ocrx_word' id='word_1_273' title='bbox 500 3370 535 3419; x_wconf 78' lang='lat'>25</span> <span class='ocrx_word' id='word_1_274' title='bbox 553 3365 584 3419; x_wconf 91' lang='lat' dir='ltr'>in</span> <span class='ocrx_word' id='word_1_275' title='bbox 598 3382 648 3421; x_wconf 83' lang='lat' dir='ltr'>om.</span> <span class='ocrx_word' id='word_1_276' title='bbox 662 3386 680 3417; x_wconf 84' lang='lat' dir='ltr'>a</span> <span class='ocrx_word' id='word_1_277' title='bbox 693 3369 778 3434; x_wconf 78' lang='lat' dir='ltr'>(supr.</span> <span class='ocrx_word' id='word_1_278' title='bbox 788 3366 830 3435; x_wconf 76' lang='lat' dir='ltr'>m)</span> <span class='ocrx_word' id='word_1_279' title='bbox 843 3373 867 3417; x_wconf 77' lang='lat'><em>1</em></span> <span class='ocrx_word' id='word_1_280' title='bbox 928 3361 1131 3432; x_wconf 88' lang='lat' dir='ltr'>aequalitatem</span> 
     </span>
     <span class='ocr_line' id='line_1_37' title="bbox 117 3433 1077 3503; baseline -0.001 -16"><span class='ocrx_word' id='word_1_281' title='bbox 117 3444 169 3487; x_wconf 79' lang='lat' dir='ltr'>BV</span> <span class='ocrx_word' id='word_1_282' title='bbox 220 3441 253 3490; x_wconf 80' lang='lat'>26</span> <span class='ocrx_word' id='word_1_283' title='bbox 273 3435 354 3490; x_wconf 87' lang='lat' dir='ltr'>serie:</span> <span class='ocrx_word' id='word_1_284' title='bbox 375 3436 477 3490; x_wconf 88' lang='lat' dir='ltr'>serium</span> <span class='ocrx_word' id='word_1_285' title='bbox 491 3445 528 3503; x_wconf 75' lang='lat' dir='ltr'>n,</span> <span class='ocrx_word' id='word_1_286' title='bbox 547 3453 616 3492; x_wconf 81' lang='lat' dir='ltr'>corr.</span> <span class='ocrx_word' id='word_1_287' title='bbox 630 3457 673 3496; x_wconf 77' lang='lat' dir='ltr'>m:</span> <span class='ocrx_word' id='word_1_288' title='bbox 694 3451 759 3490; x_wconf 87' lang='lat' dir='ltr'>sene</span> <span class='ocrx_word' id='word_1_289' title='bbox 776 3436 818 3490; x_wconf 83' lang='lat' dir='ltr'>oei</span> <span class='ocrx_word' id='word_1_290' title='bbox 836 3451 899 3489; x_wconf 87' lang='lat' dir='ltr'>seve</span> <span class='ocrx_word' id='word_1_291' title='bbox 917 3444 949 3503; x_wconf 73' lang='lat'>83</span> <span class='ocrx_word' id='word_1_292' title='bbox 970 3433 1041 3488; x_wconf 86' lang='lat' dir='ltr'>serio</span> <span class='ocrx_word' id='word_1_293' title='bbox 1062 3445 1077 3486; x_wconf 76' lang='lat' dir='ltr'>s</span> 
     </span>
     <span class='ocr_line' id='line_1_38' title="bbox 118 3506 1131 3576; baseline 0 -17"><span class='ocrx_word' id='word_1_294' title='bbox 118 3510 152 3559; x_wconf 78' lang='lat'>28</span> <span class='ocrx_word' id='word_1_295' title='bbox 171 3507 269 3562; x_wconf 89' lang='lat' dir='ltr'>etiarn:</span> <span class='ocrx_word' id='word_1_296' title='bbox 289 3509 318 3560; x_wconf 91' lang='lat' dir='ltr'>et</span> <span class='ocrx_word' id='word_1_297' title='bbox 336 3517 368 3574; x_wconf 79' lang='grc' dir='ltr'>Ρ,</span> <span class='ocrx_word' id='word_1_298' title='bbox 387 3523 455 3562; x_wconf 75' lang='lat' dir='ltr'>sorr.</span> <span class='ocrx_word' id='word_1_299' title='bbox 469 3530 491 3569; x_wconf 76' lang='lat' dir='ltr'>p</span> <span class='ocrx_word' id='word_1_300' title='bbox 563 3512 597 3562; x_wconf 80' lang='lat'>30</span> <span class='ocrx_word' id='word_1_301' title='bbox 616 3507 697 3576; x_wconf 88' lang='lat' dir='ltr'>quid:</span> <span class='ocrx_word' id='word_1_302' title='bbox 717 3506 766 3576; x_wconf 91' lang='lat' dir='ltr'>qni</span> <span class='ocrx_word' id='word_1_303' title='bbox 780 3516 817 3574; x_wconf 79' lang='lat' dir='ltr'>rr,</span> <span class='ocrx_word' id='word_1_304' title='bbox 837 3507 855 3559; x_wconf 90' lang='lat' dir='ltr'>d</span> <span class='ocrx_word' id='word_1_305' title='bbox 874 3523 948 3575; x_wconf 82' lang='lat' dir='ltr'>supr.</span> <span class='ocrx_word' id='word_1_306' title='bbox 963 3526 995 3558; x_wconf 77' lang='lat' dir='ltr'>m</span> <span class='ocrx_word' id='word_1_307' title='bbox 1066 3522 1131 3573; x_wconf 90' lang='lat' dir='ltr'>pro-</span> 
     </span>
     <span class='ocr_line' id='line_1_39' title="bbox 116 3577 573 3648; baseline -0.004 -15"><span class='ocrx_word' id='word_1_308' title='bbox 116 3577 201 3633; x_wconf 81' lang='lat' dir='ltr'>batur</span> <span class='ocrx_word' id='word_1_309' title='bbox 215 3588 251 3646; x_wconf 75' lang='grc' dir='ltr'>ιι,</span> <span class='ocrx_word' id='word_1_310' title='bbox 270 3578 315 3632; x_wconf 86' lang='lat' dir='ltr'>vel</span> <span class='ocrx_word' id='word_1_311' title='bbox 332 3578 435 3648; x_wconf 89' lang='lat' dir='ltr'>probat</span> <span class='ocrx_word' id='word_1_312' title='bbox 452 3595 527 3648; x_wconf 71' lang='lat' dir='ltr'>strpr.</span> <span class='ocrx_word' id='word_1_313' title='bbox 541 3599 573 3631; x_wconf 87' lang='lat' dir='ltr'>m</span> 
     </span>
    </p>
   </div>
   <div class='ocr_carea' id='block_1_6' title="bbox 0 0 1220 3952">
    <p class='ocr_par' dir='ltr' id='par_1_9' title="bbox 0 0 1220 3952">
     <span class='ocr_line' id='line_1_40' title="bbox 0 0 1220 3952; baseline 0 2"><span class='ocrx_word' id='word_1_314' title='bbox 0 0 1220 3952; x_wconf 95' lang='lat' dir='ltr'> </span> 
     </span>
    </p>
   </div>
  </div>
 </body>
</html>
