2430 3952
133 189 200 254 350
429 188 580 243 irrasus
598 187 810 243 musanen
828 189 855 243 11

133 360 216 433 scire,
240 358 355 432 mulier,
379 376 418 416 an
440 359 583 433 mentiar,
607 358 676 433 sciS,
700 356 772 433 quid
800 357 915 417 dixerit.
959 358 1031 433 quid
1054 358 1161 418 dixit?

132 447 216 506 nihil.
258 447 330 522 quid
349 445 445 505 dixit?
468 449 576 506 omnia
622 447 779 506 maledixit
797 447 923 521 saeculo,
946 449 1019 507 fecit
1035 450 1160 526 tempo-

131 537 215 595 ribus
228 536 383 610 invidiam,
402 535 567 596 detestatus
582 538 628 594 est
643 538 769 612 patrem,
788 536 972 595 conviciatus
991 539 1036 596 est
1050 540 1160 596 matri.

24 663 30 675 ›
134 624 206 701 quid
229 623 327 683 dixit‘l
347 625 415 701 plus
439 644 529 701 quam
552 626 782 702 interrogabam.
824 627 934 700 vicisti,
958 626 1077 701 mulier,
1102 627 1160 685 ob-

133 716 324 773 stinationem
347 734 452 773 meam.
495 714 568 772 audi
589 713 678 773 breve
706 716 946 790 succinctumqne
973 733 1157 790 responsum
1189 737 1201 776 s

134 804 205 879 quid
229 803 349 862 dixerit:
374 802 452 878 quod
477 804 604 878 quaeris,
627 803 707 879 quod
730 806 826 879 putas.

80 892 118 948 15
202 891 275 951 Osi
302 893 369 968 quis
398 894 431 950 in
460 893 545 950 illam
575 909 628 951 vos
658 895 765 952 secreti
797 893 893 951 nostri
922 895 1070 968 potuisset
1100 894 1159 952 ad-

132 980 233 1040 bibere
260 982 473 1057 praesentiam!
514 980 665 1041 vidissetis
692 1001 804 1040 novum
831 1000 924 1059 genus
952 982 1159 1058 quaestionis:

133 1071 249 1130 stabam
267 1088 355 1129 senex
373 1071 459 1128 furiis
478 1072 661 1130 monstrosae
682 1071 812 1130 feritatis
831 1073 989 1144 accinctus,
1011 1071 1159 1131 manibus

133 1162 249 1234 exertis,
272 1159 341 1218 hinc
363 1160 495 1237 ignibus,
520 1160 590 1218 hinc
612 1158 783 1219 verberibus
807 1163 952 1219 armatus:
976 1179 1065 1235 super
1088 1179 1157 1235 ora,
1175 1184 1200 1222 1o

133 1269 221 1325 super
240 1248 340 1307 oculos
358 1248 483 1308 iacentis
502 1248 648 1307 adsistens
668 1248 847 1308 clamabam:
872 1245 1001 1323 ‘furiosa
1021 1249 1158 1325 demone,

132 1333 218 1398 tace.’
262 1340 292 1395 et
314 1338 365 1396 ille
388 1339 472 1396 velut
495 1340 605 1397 exustis
629 1339 864 1414 amputatisque,
889 1358 943 1414 per
967 1357 1041 1412 quae
1066 1338 1159 1398 dolor

134 1428 194 1484 exit
223 1429 255 1484 in
284 1428 388 1501 verba,
417 1427 477 1485 fuit
507 1427 666 1501 attonitus,
695 1446 804 1486 amens.
851 1429 988 1502 quotiens
1020 1427 1157 1488 admotis

133 1515 251 1593 ignibus
275 1515 313 1573 ad
343 1516 476 1592 aliquam
503 1517 634 1592 corporis
665 1518 781 1592 partem
810 1518 909 1574 totum
938 1519 1040 1591 pectus
1064 1519 1156 1592 inpo-

134 1603 215 1664 suit?
239 1604 374 1680 quotiens
397 1606 483 1664 hiatu
506 1605 566 1664 oris
585 1605 671 1663 avide
689 1605 824 1664 flammas
848 1605 987 1664 adversus
1011 1608 1196 1668 exeuntium

133 1694 224 1753 verba
247 1692 389 1771 collegit?
429 1713 496 1752 cum
519 1696 674 1754 veroium
698 1696 779 1753 totus
803 1695 884 1753 calor
906 1694 1078 1753 verberibus
1103 1715 1156 1754 ex-

132 1784 235 1858 pulsus
259 1783 372 1842 viribus
395 1784 550 1843 novissimi
568 1783 678 1842 doloris
698 1786 873 1858 erumperet,
895 1785 1088 1858 pertractatis
1115 1785 1155 1844 ab

132 1874 194 1930 ima
225 1874 353 1948 pectoris
383 1874 469 1947 parte
499 1873 634 1948 suspiriis
665 1872 838 1932 brevissime
868 1874 986 1931 collecti
1016 1873 1155 1947 spiritus,

133 1961 185 2020 ille
206 1979 267 2035 quo
289 1960 425 2019 redditur
453 1961 565 2036 anima,
595 1962 757 2039 singultus,
786 1962 846 2020 fuit
874 1962 979 2020 similis
1003 1962 1155 2021 exclama·

133 2052 201 2108 turo
224 2050 322 2108 nescio
347 2048 432 2124 quid,
456 2050 534 2124 quod
558 2053 588 2108 et
609 2053 645 2109 tu
667 2052 801 2110 fortassis
830 2051 953 2111 audires.
996 2054 1155 2128 occupavi,
1169 2074 1196 2114 so

134 2139 239 2211 fateor,
263 2140 292 2196 et
315 2137 468 2197 advocatis
493 2157 565 2213 quas
589 2141 649 2197 iam
669 2158 915 2215 consumpseram,
938 2140 1062 2214 viribus,
1086 2160 1154 2200 ma·

134 2226 234 2300 nibus,
261 2227 343 2300 telis,
372 2229 495 2301 totoque
528 2247 648 2303 corpore
676 2231 789 2305 pariter
819 2230 952 2302 adnisus,
987 2231 1155 2304 antequam

133 2316 318 2389 mentiretur,
342 2315 443 2374 occidi.
484 2318 592 2375 misera
615 2319 757 2392 temporis
785 2318 866 2376 illius
889 2318 1070 2377 recordati-o:
1101 2319 1155 2379 de·

134 2404 280 2464 ficientem
299 2407 330 2462 in
349 2405 486 2463 manibus
505 2408 578 2465 meis
597 2406 691 2464 filium
710 2407 782 2480 vidi,
805 2409 906 2482 aspexi
924 2426 976 2465 ora
993 2408 1155 2485 pallentia,

133 2494 257 2572 frigidos
280 2494 443 2568 anhelitus,
469 2496 639 2570 interrupta
666 2496 794 2572 suspiria
823 2499 852 2554 et
880 2499 1010 2554 animam
1037 2516 1154 2575 magno
1169 2519 1194 2560 ao

133 2584 251 2642 silentio
275 2587 441 2657 exeuntem,
471 2604 529 2642 non
553 2587 653 2644 tamen
676 2587 826 2644 tormenta
854 2587 967 2659 laxavi,
996 2604 1056 2643 non
1080 2588 1155 2646 sub-

133 2675 212 2731 traxi
238 2674 420 2748 restinxique
449 2673 590 2732 flammas.
632 2675 784 2748 miserere,
811 2675 929 2750 mulier,
957 2694 993 2732 ne
1021 2693 1155 2749 quaeras

133 2763 261 2837 amplius
291 2780 394 2821 vocem
424 2763 512 2822 huius
543 2761 684 2822 adfectus.
736 2763 844 2837 filium,
875 2765 927 2839 qui
956 2765 1154 2843 moriebatur,

147 2973 149 2976 ι
206 3003 305 3070 tquid
319 3003 438 3070 quaeris,
454 3003 522 3070 quid
537 3026 571 3070 o,
587 3016 682 3058 coras
734 2968 854 3072 putasse
913 3005 1043 3069 :secreti
1058 3009 1155 3062 nostri

135 3075 178 3141 (ex
192 3074 247 3127 mei
262 3076 334 3143 quod
350 3075 411 3144 del.)
425 3091 473 3128 vos
489 3084 520 3127 M
582 3080 597 3128 8
615 3075 743 3129 vidisetis
757 3084 821 3142 ΒΜ,
840 3093 907 3130 corr.
923 3087 972 3128 om
1034 3082 1049 3129 9
1069 3095 1153 3133 mon-

135 3147 260 3198 struosae
275 3154 301 3199 J
351 3161 411 3200 sae·
425 3148 465 3200 oct
478 3145 652 3200 saeveritatis
666 3156 694 3199 Β
748 3152 780 3199 10
796 3147 913 3200 exemtis
928 3157 955 3201 P
1006 3147 1074 3202 hinc
1088 3167 1155 3205 ver-

134 3250 246 3304 beribus
265 3269 339 3320 supr.
355 3262 383 3305 Β
444 3218 566 3306 hora13
644 3259 676 3306 11
696 3254 820 3307 iacentes
840 3262 867 3305 Β
946 3259 978 3308 13
1003 3254 1153 3322 admontis

134 3331 191 3375 ΒΜ
269 3329 301 3375 16
321 3325 408 3378 calor:
427 3324 485 3378 lec
504 3341 570 3379 corr.
587 3334 614 3377 Β
692 3331 723 3378 17
739 3312 918 3399 pertractttis
937 3335 974 3392 Β;
994 3329 1154 3394 protractis

134 3395 189 3446 Bu.
251 3398 283 3447 18
299 3395 428 3466 collecti}
446 3398 469 3465 (s
483 3398 530 3465 er.)
549 3405 582 3449 M
638 3401 670 3449 19
691 3396 798 3449 animas
817 3396 939 3451 incultus
958 3406 986 3449 Β
1043 3402 1154 3455 22211-

128 3465 234 3518 missus
254 3487 284 3532 o3
308 3467 400 3521 avisus
419 3477 447 3521 P
534 3473 567 3520 25
591 3467 732 3520 hanelitus
754 3477 781 3519 Β
863 3471 984 3538 magno}
1006 3469 1157 3541 (scr.)11

296 3540 307 3591 l

132 3577 167 3624 26
186 3553 326 3627 tormena
345 3583 373 3626 Β
461 3579 494 3628 27
512 3575 699 3642 restrinxique
717 3596 739 3626 ω
758 3578 823 3644 (que
845 3577 877 3628 ic
896 3593 950 3631 ras.
971 3577 1024 3644 M);
1043 3594 1116 3635 corr.
1137 3602 1155 3645 γ

754 3688 866 3720 Α
