2430 3952
145 177 207 245 106
470 177 593 237 andan
610 177 830 239 REDEMPTVS

67 349 140 404 le.
207 346 319 407 Ponere
345 365 413 420 303,
439 347 564 422 iudices,
590 347 673 407 velut
703 347 736 405 iu
767 347 822 407 illa
852 348 1038 412 necessitatis
1072 367 1157 411 meae

139 436 309 513 praesentia
330 436 408 496 3010.
445 454 519 511 3033,
541 436 646 495 infelix
669 435 708 494 ad
729 436 859 512 primum
881 439 1033 512 aspectum
1058 440 1157 512 patris

141 527 265 584 conatus
284 525 444 601 adsurgere
463 526 531 584 illas
549 525 695 601 pallentes
709 524 844 585 sordibus
862 544 969 585 manus
986 526 1157 601 paululum,

140 616 297 689 tamquam
319 614 472 691 amplexus
496 614 619 675 daturus
643 615 748 689 erexit,
774 633 829 672 nec
851 632 945 689 usque
969 613 1002 672 in
1026 617 1156 676 33131333

86 746 88 751 .
139 721 221 761 meas
245 703 352 780 spiritu
375 703 435 762 iam
454 703 605 763 deficiente
628 704 760 779 perlatas
783 704 815 761 in
833 721 918 762 suum
935 704 1026 762 miser
1043 705 1158 763 iterum
1181 725 1191 764 1

141 792 237 852 cubile
265 792 379 852 deiecit.
425 794 506 851 totus
533 792 584 850 1113
611 794 689 851 31133
716 811 769 852 nos
797 792 922 852 carceris
947 793 1080 868 populus
1104 793 1157 853 ob-

140 882 237 956 ticuit,
261 884 299 955 et,
322 900 359 938 ne
379 880 531 956 colloquiis
549 883 659 940 11031113
682 881 824 942 1311111113
847 884 1020 941 catenarum
1043 883 1157 946 stridor

141 971 336 1046 obstreperet,
364 970 491 1029 lassatos
516 972 598 1029 artus
621 971 652 1028 in
676 989 730 1029 sue
756 973 877 1030 tenuere
895 971 1051 1046 patientia.
1099 991 1155 1050 ego

140 1061 247 1133 serius,
275 1059 375 1136 gravis
401 1058 483 1132 hinc,
511 1059 537 1117 si
559 1059 687 1134 uidetur,
715 1060 869 1135 incipiam:
901 1059 1065 1134 luxuriose,
1094 1079 1156 1119 me·

139 1147 236 1206 ruisti.
282 1148 402 1224 ignorat
432 1148 565 1223 profecto
597 1148 715 1223 paterni
747 1148 856 1208 doloris
889 1151 988 1209 aestus
1018 1148 1156 1225 quisquis
1169 1170 1191 1210 11

140 1237 284 1296 solacium
306 1238 403 1312 putat,
426 1240 460 1295 ut
478 1236 514 1295 de
537 1237 697 1313 languente
715 1237 776 1296 filio
797 1239 946 1312 queratur,
968 1240 1003 1296 ut
1021 1238 1155 1298 moribus

139 1326 291 1401 montique
313 1325 480 1384 maledicat.
527 1325 606 1384 abite
629 1326 767 1401 uirtutes,
795 1329 914 1404 ignosce
936 1325 1085 1402 probitas,
1110 1331 1156 1394 est

140 1434 176 1474 er
198 1414 299 1474 liberis
321 1415 373 1475 ille
397 1417 449 1490 qui
470 1415 604 1474 moritur.
649 1416 725 1474 mibi
747 1435 816 1475 vero
839 1416 936 1475 fateor
958 1414 1027 1474 hinc
1051 1415 1155 1491 aliqua

140 1505 301 1581 languente
324 1503 386 1564 filio
409 1505 524 1567 venisse
548 1505 659 1565 solacia
683 1504 762 1580 quod
784 1505 859 1564 uixit
884 1504 989 1566 infelix
1012 1504 1155 1579 quemad-

139 1594 261 1653 modum
288 1594 397 1667 voluit,
429 1594 509 1668 quod
536 1594 594 1653 fuit
625 1593 729 1653 hilaris
762 1613 795 1653 33
823 1594 903 1652 13313
930 1593 1029 1651 113313
1060 1597 1190 1655 3313311

141 1683 239 1758 crede,
267 1683 396 1754 iuvenis,
425 1685 455 1742 et
481 1701 535 1759 pro
563 1686 593 1742 13
620 1684 682 1741 iam
710 1683 896 1755 maluissem,
922 1685 959 1741 ut
982 1683 1154 1743 luxuriosus

140 1791 226 1831 esses.
263 1773 311 1829 cui
329 1774 364 1829 tu
382 1774 518 1847 tempori,
541 1773 589 1830 cui
607 1771 703 1830 dolori
721 1773 849 1848 rigorem
867 1771 1001 1844 ultionis,
1023 1772 1155 1831 frontem

139 1862 314 1937 castigantis
333 1858 485 1936 iniungis?
515 1859 776 1935 impatientissima
794 1862 900 1921 133331
918 1860 1039 1935 perdere
1057 1860 1155 1922 filium

140 1948 187 2007 cui
209 1949 338 2007 videaris
362 1948 457 2007 irasci
499 1951 671 2024 corruptum
692 1968 739 2007 me
761 1949 898 2024 precibus
920 1950 1035 2024 putatis
1060 1949 1153 2008 ambi-

138 2039 231 2110 tuque
262 2035 473 2095 lacrimarum?
517 2038 573 2096 hoc
599 2038 673 2097 vicit
706 2056 793 2115 aeger
819 2039 899 2115 quod
926 2057 986 2096 non
1016 2039 1152 2115 rogabat.
1167 2059 1189 2098 ac

141 2125 306 2185 assidebam
329 2125 450 2184 misero:
476 2125 652 2186 demittebat
675 2127 789 2201 oculos,
812 2126 1009 2204 interroganti
1032 2146 1152 2202 respon·

139 2233 205 2272 sum
228 2215 263 2273 de
285 2214 415 2272 lacrimis
437 2217 557 2274 tantum
584 2217 754 2292 gemituque
776 2216 927 2275 reddebat.
974 2215 1082 2293 agebat
1105 2237 1153 2275 me

140 2303 320 2362 deliberante
343 2303 404 2360 iam
422 2304 543 2379 victum,
567 2323 634 2363 oum
655 2308 776 2382 repente
799 2307 921 2364 miseras
943 2323 1049 2363 manus
1067 2306 1154 2364 331111

87 2395 127 2452 20
140 2393 297 2452 recidentis
330 2392 481 2468 amplexus
512 2411 566 2469 pos
592 2396 615 2453 't
641 2394 673 2451 in
701 2395 769 2453 sinu
796 2413 870 2453 meo.
917 2396 947 2453 et
974 2413 1041 2452 cum
1072 2394 1153 2454 lassa

141 2482 267 2559 suspiria
299 2501 352 2557 per
384 2481 514 2540 ardentis
548 2483 696 2542 anhelitus
728 2486 836 2561 egestis
865 2501 952 2558 saepe
980 2483 1153 2558 visceribus
1167 2503 1191 2544 13

142 2591 208 2632 cum
236 2572 286 2630 diu
315 2571 431 2630 collatis
455 2574 579 2646 uterque
607 2572 787 2649 singultibus
812 2573 1029 2631 miscuissemus
1058 2572 1152 2633 lassas

141 2663 204 2719 sine
222 2679 294 2720 3033
312 2661 458 2734 lacrimas,
480 2661 601 2719 tandem
620 2663 729 2736 spiritu
746 2661 846 2721 311111
864 2661 1043 2738 paucissima
1062 2662 1153 2721 33113

141 2750 278 2809 collecto:
306 2743 374 2808 ‘tibi
401 2742 542 2825 quidem',
569 2749 680 2825 inquit,
704 2745 829 2827 ‘gratias
858 2769 929 2827 ago,
951 2752 1045 2826 pater,
1074 2751 1154 2826 quod

214 2996 227 3042 1
247 2989 310 3043 illa:
324 2988 462 3042 illudar
508 2995 523 3043 3
538 2989 688 3059 pallentes:
703 2992 834 3060 parentes
848 3000 882 3058 Β,
897 3008 965 3046 corr.
977 3001 1006 3056 a,
1022 2989 1153 3058 squalen-

140 3062 252 3115 133113.
305 3067 321 3114 4
339 3062 370 3114 in
385 3059 516 3114 cervices:
531 3061 605 3115 inter
618 3061 691 3116 31333
705 3071 765 3115 ΒΜ
776 3064 854 3132 (corr.
866 3063 905 3131 Μ)
956 3067 971 3115 6
992 3061 1113 3131 (1313Ξ311
1126 3072 1154 3115 Β

142 3137 232 3185 11133
250 3140 278 3184 Β
329 3131 469 3186 terribiles
487 3142 515 3187 Β
568 3135 747 3187 81311313Β
801 3133 939 3186 buerius:
967 3133 1054 3201 serpis
1074 3143 1101 3185 P

141 3220 180 3257 cu
197 3203 338 3273 gravius?
410 3204 577 3268 11311333
646 3204 657 3257 i
698 3208 783 3273 oscito
802 3213 834 3257 Β
900 3210 934 3257 14
952 3205 1039 3272 quod:
1059 3205 1108 3273 qui
1128 3214 1155 3256 P

141 3280 174 3328 17
194 3274 240 3328 cui
259 3273 360 3328 dolori:
381 3273 470 3329 dolori
489 3284 521 3342 S,
540 3275 585 3329 cui
603 3278 635 3329 tu
673 3274 744 3329 olori
763 3285 790 3330 P
841 3275 933 3345 rigore
952 3284 985 3342 Β,
1008 3304 1022 3318 ω
1044 3286 1152 3345 supro

140 3351 173 3399 21
194 3345 338 3399 assidebat
355 3355 415 3398 lm
492 3345 654 3401 dimittebat
675 3356 697 3399 V
778 3352 811 3399 22
836 3347 1010 3414 gemituque:
1030 3346 1151 3416 gemitus

140 3427 183 3484 Β,
206 3419 235 3471 31
254 3433 329 3486 supr.
344 3438 376 3469 m
465 3422 499 3471 23
522 3417 651 3474 miseras:
674 3417 828 3476 1113311133
851 3427 890 3470 Vr
976 3419 1151 3472 341311001-

140 3489 178 3542 tis
197 3497 237 3555 Β,
261 3488 306 3542 331
327 3488 478 3545 recidentia
501 3511 532 3543 m
621 3489 702 3559 lapsa
725 3498 758 3547 d!
844 3495 877 3542 26
901 3488 996 3557 lapsas
1019 3489 1078 3546 sca.

141 3563 325 3632 213011οξ1
