2430 3952
335 214 640 270 DECLAMATIONES
659 213 800 286 XIVJXV.
1010 215 1076 280 417

58 384 186 444 tendere
207 404 262 444 nec
285 383 465 460 deprehendi
488 385 578 444 audes
602 387 645 458 et,
668 403 735 444 cum
758 383 939 458 admitteris,
962 387 1076 461 suppli-

59 493 139 548 care,
162 492 222 533 non
250 475 401 550 percipere
423 476 517 549 potes.
559 472 648 532 tidem
673 475 817 547 vestram,
847 472 972 548 iudices,
1002 493 1077 551 pau-

58 582 144 641 peres
169 564 376 639 impatientius
406 566 516 621 amant.
557 563 591 620 P.
610 564 637 622 si
663 579 832 622 succurrere
859 562 994 637 voluisti,
1025 582 1078 623 cur

58 671 118 712 non
147 652 312 726 indulsisti,
342 650 467 712 fovisti?
506 653 551 709 Μ.
576 651 672 727 coepi,
703 651 754 711 sed
783 652 911 712 facultas
941 651 1077 712 ardorem

31 741 196 819 saugebat.
237 742 271 801 P.
290 759 344 800 cur
370 761 430 800 non
458 738 629 802 exclusisti?
669 740 842 800 Matheo
865 739 998 816 quidem,
1026 742 1078 802 sed

57 831 180 908 vigiliis,
194 830 340 907 precibus,
350 830 481 890 laciimis
496 829 700 906 praevaluisti.
732 830 766 887 P.
777 833 972 905 exspectares,
986 830 1078 890 donec

57 920 136 978 fame
161 923 191 979 et
213 921 317 996 inopia
340 920 511 998 castigarer.
552 921 598 978 Μ.
617 921 650 979 at
672 920 751 978 inter
773 919 847 978 haec
870 921 1003 995 coepisti.
1042 921 1077 978 P.

58 1010 165 1068 saltem
179 1008 342 1085 propinqui
356 1011 386 1067 et
400 1010 489 1067 amici
508 1009 711 1068 correxissent.
752 1010 798 1067 Μ.
813 1009 838 1068 si
857 1009 953 1084 aliqui
971 1011 1077 1083 essent,

57 1099 149 1157 illito
163 1101 232 1157 aute
250 1098 403 1174 potionem
422 1100 556 1157 nostram
574 1097 680 1157 vinclis
698 1097 873 1157 tenuissent.
911 1097 1079 1176 indignaris

17 1208 44 1250 10
59 1188 138 1263 quod
160 1189 192 1246 te
212 1188 307 1245 malui
329 1186 460 1247 remedio
484 1205 575 1262 quam
597 1186 697 1246 dolore
721 1185 843 1246 sanan?
866 1190 896 1246 ct
918 1186 1025 1247 leviter
1048 1190 1079 1248 et

58 1277 223 1336 necessario
242 1277 399 1352 explicitus
423 1295 462 1336 es.
501 1277 536 1334 P.
556 1277 639 1336 scitis
663 1276 820 1352 quomodo,
843 1275 967 1352 iudices,
991 1295 1079 1351 nunc,

57 1383 136 1423 nuuc
159 1385 205 1424 me
229 1365 395 1424 sanandum
422 1365 527 1425 fateor.
568 1364 658 1424 habet
684 1365 806 1440 aliquod
834 1366 975 1425 solatium
997 1367 1079 1442 quis-

58 1456 125 1529 quis
148 1455 181 1512 in
204 1472 304 1514 amore
322 1457 412 1514 miser
430 1457 482 1514 est.
524 1456 570 1513 Μ.
590 1456 616 1514 si
638 1453 712 1528 odis,
735 1472 788 1512 cur
806 1473 907 1514 amare
925 1453 1079 1515 intendis?

58 1545 85 1603 si
108 1561 199 1618 amas,
223 1561 276 1602 cur
299 1541 439 1603 accuses?
480 1543 513 1600 P.
532 1543 654 1602 mallem
676 1545 816 1602 neutrum
840 1562 941 1621 agere,
964 1547 1079 1603 utrum·

17 1651 43 1695 1⁵
59 1652 115 1708 que
145 1650 241 1709 posse.
293 1651 347 1710 ego
378 1632 480 1691 odium
509 1632 623 1708 accepi,
658 1632 816 1692 arbitrium
844 1633 970 1709 perdidi.
1018 1652 1079 1693 non

57 1740 179 1796 possum
209 1741 309 1780 amare
340 1721 508 1800 coniugem,
538 1740 598 1781 uon
622 1721 739 1781 liberos.
781 1723 827 1781 M.
848 1741 907 1781 11011
938 1740 1079 1798 amorem,

57 1811 110 1870 sed
129 1810 209 1886 quod
232 1813 352 1884 amasti,
376 1830 435 1869 non
454 1811 649 1887 voluptatem,
672 1811 723 1870 sed
741 1813 890 1870 tormenta
911 1811 1078 1887 perdidisti.

59 1901 86 1960 si
108 1901 211 1973 nesciS,
236 1900 313 1958 illud
335 1900 436 1958 odium
458 1901 492 1959 in
514 1902 670 1958 meretrice
691 1900 807 1960 facinus
831 1904 876 1960 est
899 1919 958 1977 quo
981 1903 1081 1960 utitur

58 1989 159 2048 insui
187 1989 351 2049 caritatem.
394 1992 498 2048 contra
525 2007 573 2047 me
600 1988 682 2063 dedi,
708 2007 763 2065 pro
793 1989 854 2049 illis
882 1989 976 2068 igitur
999 1993 1078 2050 steti.

17 2098 44 2137 eo
58 2079 91 2136 P.
112 2097 164 2137 cur
186 2097 246 2137 non
269 2081 373 2138 statim
396 2076 691 2143 amaturodedisti?
732 2079 777 2139 Μ.
798 2079 868 2154 quia
891 2098 951 2139 11011
974 2081 1080 2139 statim

58 2186 161 2228 amans
184 2168 331 2227 insanisti.
374 2169 407 2225 P.
427 2188 444 2229 0
469 2171 615 2244 quantum
638 2166 767 2242 facinus,
796 2168 922 2242 iudices,
946 2187 1078 2228 amorem

58 2257 168 2315 mundo
187 2259 309 2334 potione
326 2258 416 2316 tollit.
454 2259 499 2316 Μ
519 2275 537 2316 0
557 2259 670 2332 quanta
688 2258 840 2333 securitas,
858 2255 891 2317 P.
912 2256 952 2333 0,
971 2260 1078 2318 incesti

57 2363 188 2405 errorem
211 2347 347 2420 destruit,
370 2346 511 2406 illicitum
529 2347 660 2406 furorem
678 2348 790 2425 arguit.
829 2347 863 2407 P.
883 2349 970 2422 atqui
992 2367 1080 2407 vene-

58 2434 145 2493 ficam
175 2435 231 2493 hoc
265 2435 353 2494 modo
383 2453 446 2495 esse
477 2437 601 2497 constat.
648 2437 692 2494 Μ
712 2454 773 2512 qua
802 2434 994 2496 constantia?
1024 2437 1080 2495 illa

18 2542 44 2584 ee
58 2523 194 2582 horridos
218 2527 369 2600 aspectus,
395 2524 469 2583 haec
496 2523 634 2596 blandos3
661 2524 717 2585 illa
744 2523 851 2583 faciem
875 2524 1080 2600 inhumanam,

59 2613 133 2671 haec
156 2611 313 2688 placidam.
350 2613 446 2672 omnis
465 2613 553 2672 huius
570 2614 699 2672 intentio
718 2615 772 2687 est,
795 2617 830 2672 ut
852 2617 976 2690 aspectu
999 2615 1082 2674 solli-

58 2702 141 2773 citet,
160 2718 294 2760 sermone
312 2700 452 2760 detineat.
489 2701 522 2758 P.
538 2701 611 2776 quid
629 2702 667 2761 ad
685 2699 753 2760 me?
776 2719 830 2780 ego
844 2721 991 2763 venenum
1009 2703 1079 2762 bibi.

59 2790 105 2850 Μ.
125 2788 308 2864 veneficium,
329 2789 360 2848 P.
381 2788 421 2864 (l,
440 2790 488 2848 vel
506 2793 602 2850 morte
621 2790 861 2866 deprehenditur,
883 2795 918 2851 ut
936 2793 1081 2853 violentia

60 2897 172 2938 eruore.
213 2878 246 2936 P.
265 2878 387 2939 mallem
406 2881 464 2937 cito
484 2874 691 2957 occidisse<s>.
727 2881 772 2938 ita
790 2881 906 2940 malum
924 2881 1080 2956 ordinasti,

17 2989 46 3030 eo
61 2972 95 3026 ut
118 2968 170 3027 diu
192 2971 319 3044 paterer.
360 2970 406 3027 Μ.
425 2969 474 3026 vel
491 2969 690 3028 membrorum
712 2971 793 3043 nota,
816 2972 851 3029 ut
868 2971 984 3031 invasio
1007 2973 1078 3031 ictu.

59 3057 93 3114 P.
113 3058 286 3117 maluissem
309 3057 441 3116 membra
464 3060 606 3133 notasset,
628 3077 689 3116 non
712 3059 853 3118 animum.
896 3061 940 3118 Μ.
962 3060 1080 3119 meliori

60 3147 142 3221 parti
160 3146 324 3205 remedium
341 3146 408 3205 tuli.
431 3147 479 3204 P.
494 3147 613 3207 tulisses
632 3148 727 3224 igitur
745 3148 858 3207 scienti.
895 3150 993 3226 prima
1009 3168 1080 3224 pars

60 3237 201 3294 sanitatis
225 3238 279 3310 est,
301 3235 430 3295 libenter
448 3235 588 3312 accipere.
625 3253 687 3294 nou¹
708 3235 820 3310 desino,
845 3237 977 3304 sedasse
997 3237 1092 3299 aliud

134 3464 263 3511 ‘everam
282 3467 327 3510 VB
397 3465 488 3512 411011
507 3475 558 3513 om.
577 3468 622 3512 VB
693 3462 757 3514 9te
776 3477 827 3515 om.
843 3470 869 3513 Ρ
941 3439 1082 3515 1811101οᾸ

60 3528 160 3583 tricem
184 3537 230 3582 VB
283 3535 316 3583 26
336 3533 482 3599 aspectum
497 3532 580 3584 'nvn
636 3535 670 3584 28
689 3530 718 3585 P.
734 3529 763 3586 O.
778 3548 829 3585 om.
848 3541 893 3584 VB
946 3537 979 3585 32
998 3535 1080 3602 parte

65 3609 111 3653 Vn
182 3610 382 3670 personum
444 3607 487 3655 v33
506 3601 636 3657 desidero
647 3611 693 3671 '¹²3
713 3603 823 3657 desidio
845 3613 890 3656 VB
1074 3617 1077 3621 ’

115 3700 276 3749 varmrm
289 3709 494 3743 reomensem
509 3701 544 3743 ed.
558 3701 694 3743 Lehnert
890 3696 929 3744 Ἦ
