2430 3952
79 170 143 249 184
286 207 289 213 -
482 181 692 236 onanmron

76 354 230 411 inimicum
252 355 338 411 tuum
356 353 462 411 saltem
481 348 613 426 optasti?
649 353 675 411 si
697 351 877 410 mehercules
896 350 1092 426 inexpiabiles

78 442 213 501 odiorum
245 459 350 500 causae
383 442 413 499 et
445 441 615 516 compositis
648 459 765 514 quoque
792 439 902 498 fabulis
933 441 1092 500 ulteriores

77 530 251 589 inimicitiae
275 531 408 604 fuissent,
432 531 530 587 ausim
551 529 656 602 dicere,
679 530 705 587 si
727 531 849 603 propter
871 528 958 586 illum
979 529 1092 589 liberos

47 637 49 640 ·
76 619 268 695 perdidisses,
297 618 469 694 accipienda
494 621 595 676 tamen
623 620 728 676 erata
757 617 878 675 fortuna
904 617 975 676 talis
1003 619 1093 677 satis-

77 709 177 784 factio,
202 710 279 766 certe
302 707 341 766 ad
359 707 512 766 vitandam
534 706 710 765 insolentiae
733 708 902 781 opinionem
926 707 1090 780 quaesere
1120 726 1133 766 e

76 797 253 855 immeritam
274 815 390 872 quoque
413 794 578 872 potentiam
599 796 704 870 carpit,
726 814 763 853 ne
782 796 942 871 vagaretur
964 814 1019 869 per
1041 816 1092 853 ur-

76 886 142 944 bem
170 886 333 945 inuidiosus
360 885 524 958 mendicus
553 887 583 943 et
610 885 790 943 calamitatis
821 885 935 942 auctori
958 884 1093 942 criminis

26 976 64 1031 19
78 993 167 1034 causa
185 976 292 1052 vulgus
311 969 385 1052 <s>e
404 974 520 1050 gereret
538 972 681 1031 odiosum.
714 975 812 1032 neseio
828 972 973 1047 quomodo
992 973 1092 1032 omnis

76 1083 130 1139 pro
149 1063 304 1121 laborante
322 1063 407 1121 favor
426 1066 479 1136 est,
498 1081 551 1120 nec
570 1062 633 1119 ulla
651 1065 824 1137 perpetuam
843 1063 972 1138 gratiam
991 1066 1102 1120 seruat¹

77 1152 135 1211 nisi
157 1152 292 1210 modesta
314 1151 447 1210 victoria.
486 1153 587 1209 nostra
610 1151 798 1225 potissimum
821 1150 977 1208 clementia
1001 1152 1133 1211 susti-10

76 1243 192 1315 neatur,
219 1259 257 1298 ne
279 1241 361 1300 illius
384 1240 437 1298 alii
460 1239 663 1298 misereantur.
709 1239 820 1312 facilis,
845 1241 880 1296 ut
903 1239 1091 1298 animadver-

76 1334 139 1389 tere
162 1347 214 1388 vos
237 1347 332 1404 spero,
355 1328 475 1403 iudices,
499 1315 675 1387 deldnsionis
694 1347 777 1387 meae
796 1347 897 1387 cursus
917 1331 969 1386 est.
1007 1332 1091 1386 ante-

78 1437 168 1494 quam
194 1419 336 1494 incipiam
362 1417 470 1476 habere
498 1436 620 1476 causam
646 1419 771 1475 nimium
798 1417 920 1491 bonam,
950 1416 998 1475 hic
1027 1419 1092 1476 iam

77 1507 257 1566 conscientia
278 1507 411 1583 trepidat
436 1509 531 1566 oratio
556 1510 586 1565 et
603 1507 686 1566 velut
708 1507 786 1563 inter
803 1506 887 1564 binos
907 1505 1092 1581 deprehensa

77 1597 225 1672 scopulos
263 1614 330 1654 cum
362 1596 446 1654 aliud
483 1595 640 1669 obiciatur,
677 1595 760 1653 aliud
792 1594 1008 1653 defendendum
1041 1596 1089 1670 sit,
1106 1615 1132 1655 re

76 1686 180 1744 haeret
197 1687 229 1743 in
247 1685 350 1744 dubio:
373 1704 440 1744 cum
458 1684 606 1743 beneficiis
624 1684 697 1742 meis
716 1685 887 1758 computare
905 1702 964 1741 non
984 1683 1089 1743 audeo.

77 1774 257 1851 cognovistis
272 1774 485 1850 expositionem
499 1792 614 1847 causae,
628 1775 742 1848 quanta
756 1791 904 1847 quamque
919 1771 1091 1831 excedentia

76 1863 165 1921 fidem
193 1862 387 1921 adulescentis
415 1862 522 1938 optimi
548 1864 655 1920 merita
682 1863 873 1919 narraverim.
918 1862 991 1919 haec
1014 1861 1089 1919 mihi

78 1954 177 2010 omnia
195 1953 257 2010 sine
277 1951 365 2009 dubio
384 1951 435 2008 ille
457 1952 618 2025 praestitit,
641 1950 693 2008 sed
711 1950 783 2025 quid
805 1948 949 2009 interest?
973 1949 1090 2009 debitor

77 2039 220 2098 delicatus
249 2058 321 2097 sum.
368 2039 440 2114 quid
468 2039 499 2096 in
522 2039 577 2098 hac
604 2041 690 2113 parte
713 2039 891 2097 defensionis
915 2058 1016 2115 agam,
1043 2041 1089 2097 iu·
1105 2060 1132 2098 so

78 2126 178 2186 dices?
201 2128 311 2186 dicam:
333 2129 441 2186 referre
466 2129 594 2205 gratiam
616 2127 764 2186 beneficiis
788 2128 878 2186 volui.
919 2128 1000 2186 itane
1022 2130 1089 2187 tan-

77 2217 144 2274 dem
172 2217 267 2291 aliqui
289 2216 456 2275 mendicare
480 2216 567 2275 amici
589 2219 705 2293 patrem
728 2235 821 2291 aequo
850 2218 949 2275 animo
972 2218 1090 2277 visurus

77 2304 155 2363 fuit?
201 2309 234 2364 at
255 2306 306 2362 ille
329 2325 376 2364 me
399 2305 524 2364 redemit
547 2307 594 2363 oui
616 2305 692 2363 nihil
715 2300 865 2384 debui<t>.
907 2306 1004 2364 dicam
1027 2325 1090 2365 mo·

77 2396 140 2454 veri
162 2414 209 2452 me
233 2395 376 2469 supremis
400 2394 488 2453 amici
510 2397 568 2452 mei
591 2392 748 2469 precibus?
785 2396 904 2471 egregia
922 2413 992 2455 vero
1011 2413 1090 2453 com·

148 2598 269 2672 3libios
288 2627 315 2670 Β
376 2616 613 2686 iperdidissete
672 2615 852 2670 loalamilas
874 2627 896 2668 V
955 2622 1090 2672 Scausas

81 2699 134 2756 Ver
174 2689 272 2759 volgus
287 2697 346 2742 ΒΜ
388 2704 417 2741 se
431 2690 541 2758 gereret
558 2691 667 2756 scripsi:
688 2690 813 2758 egereret
826 2710 860 2754 <⁰3
879 2690 1019 2757 regereret
1038 2701 1054 2740 s

78 2761 205 2814 odiosum
223 2761 332 2828 scripsi:
357 2759 484 2812 odiorum
502 2782 524 2812 ω
597 2765 666 2812 9116
683 2768 712 2811 Β
763 2758 823 2812 ulla
843 2771 869 2812 s:
889 2759 977 2812 ullam
995 2781 1017 2811 ω

78 2834 168 2885 servet
186 2841 223 2898 M,
243 2849 310 2886 corr.
325 2852 370 2898 ηις
394 2832 516 2884 servaret
534 2844 548 2895 a
634 2836 668 2884 10
685 2830 801 2884 vistoria
820 2839 857 2896 Β,
877 2847 892 2883 c
910 2842 1017 2899 supro

79 2909 110 2956 11
130 2903 327 2956 misereantur:
347 2905 443 2955 -antur
460 2905 492 2956 in
509 2919 564 2957 ras.
579 2912 606 2955 Β
659 2901 866 2955 animadvetere
886 2903 965 2970 (-ete-
984 2903 1015 2954 in
1033 2919 1089 2956 ras.

77 3010 118 3062 oei
136 3009 329 3078 oblitteratam)
345 3017 374 3076 νς
395 2991 622 3079 1ξ111Π1111611616
636 3018 667 3061 Β
680 3010 718 3077 (m
731 3025 805 3076 supr.
815 3009 855 3076 m)
912 3013 945 3060 14
964 3007 1090 3076 trepidat

78 3080 168 3133 oratio
183 3082 212 3133 et
221 3081 312 3135 Dese:
331 3079 484 3149 trepidatio
497 3080 570 3133 ratio
586 3081 614 3132 et
627 3089 686 3146 BV3
704 3079 846 3149 trepidat}
860 3079 948 3132 oratio
964 3081 992 3132 et
1006 3077 1030 3147 (i
1041 3081 1088 3148 er.)

77 3212 118 3268 M3
136 3203 262 3271 trepidat
275 3206 305 3257 et
317 3204 389 3257 ratio
404 3225 435 3256 m
448 3221 533 3274 marg.
550 3217 585 3268 so
629 3208 661 3256 15
679 3203 838 3273 {obiciatur
851 3212 872 3254 V
904 3165 1052 3257 defendisen
1062 3213 1091 3256 Β

78 3279 110 3327 16
135 3273 234 3328 dubio:
254 3292 270 3329 o
289 3277 428 3329 inraso
510 3280 542 3327 17
567 3283 899 3344 quamque2quoque1’
982 3280 1014 3328 18
1039 3274 1088 3328 ad-

76 3344 246 3398 bulescentis
269 3355 290 3397 V
354 3351 386 3399 19
405 3345 455 3400 1116
473 3347 537 3400 add.
550 3367 572 3407 p
634 3345 721 3416 {quid
740 3355 767 3398 Β
829 3344 950 3398 debitor:
971 3345 1089 3416 dubito}

76 3417 202 3486 (111)]
272 3423 304 3469 22
325 3415 425 3485 aliqui:
446 3417 569 3485 aliquem
588 3440 610 3470 ω
667 3417 796 3484 116111Β,
814 3418 831 3470 f
848 3418 879 3469 iu
896 3433 950 3470 ras.
970 3418 1088 3470 aliua

77 3494 111 3542 23
130 3487 229 3541 debuit
246 3489 337 3542 Dese:
358 3487 443 3541 debui
461 3510 496 3554 ‘⁰3
517 3488 602 3542 retuli
622 3500 649 3554 ες
674 3487 791 3556 praebui
809 3489 864 3542 Ba.
938 3493 972 3540 24
992 3504 1088 3557 supre-

76 3559 141 3612 mis:
161 3559 316 3628 praesumis
336 3567 373 3626 Μ,
392 3575 424 3611 su
441 3575 515 3628 supr.
531 3580 562 3611 m
