2430 3952
138 181 181 244 28
476 178 613 234 cAEch
632 177 672 233 IN
690 177 818 232 LIMINE

86 353 124 408 10
204 349 297 407 Nefas
321 351 380 423 est,
402 349 528 424 iudices,
550 348 627 407 huno
650 348 787 407 iuvenem
809 348 992 423 reliquarum
1015 348 1160 408 debilita-

138 439 214 497 tium
236 437 352 497 ratione
379 436 505 496 defendi.
551 457 641 513 quam
668 435 840 497 incredibile
863 438 922 512 est,
949 438 984 495 ut
1011 438 1161 497 occiderit

139 530 254 604 patrem
273 527 325 603 qui
344 527 409 603 pati
426 545 487 585 non
504 529 613 603 potuit,
635 528 670 586 ut
687 524 844 602 perderet?
879 545 961 603 rogo,
985 527 1060 605 quid
1078 545 1159 602 opus

139 615 248 693 gladio,
258 615 329 691 quid
338 635 452 676 veneno
461 613 649 691 parricidae?
667 616 845 691 quantulum
853 614 1023 691 fuitpotius
1033 634 1158 676 servare

139 703 286 765 matrem?
314 706 451 782 rapiatur
464 725 499 763 ex
516 704 690 781 parentibus
703 703 758 762 illa
770 703 923 779 infirmior,
941 705 995 762 illa
1009 705 1158 780 peritura.
1184 727 1197 768 s

138 795 332 870 parricidium
355 795 397 853 sic
420 795 517 853 facere
540 794 674 870 potuisti,
697 796 732 851 ut
750 793 880 868 optimus
902 793 982 852 filius
1000 793 1157 854 videreris.

206 882 357 952 Quantum
375 882 480 942 deinde
503 883 617 959 putatis
640 882 909 957 impatientissimis
932 882 1086 944 affectibus
1107 902 1158 943 ac·

139 971 282 1032 cessisse?
308 976 377 1048 post
401 971 576 1030 caecitatem
604 971 700 1031 carior
725 974 770 1030 est
792 973 886 1047 pater,
910 990 977 1030 oum
999 972 1031 1029 in
1054 973 1160 1032 locum

139 1061 279 1120 successit
307 1062 472 1135 oculorum,
506 1063 536 1119 et
563 1064 633 1119 tunc
661 1063 707 1119 est
733 1059 851 1118 infinita
880 1062 989 1136 pietas,
1022 1079 1090 1120 cum
1124 1064 1159 1120 in

139 1151 193 1208 illa
225 1149 332 1208 debeas
364 1168 464 1208 amare
496 1150 575 1225 quod
606 1148 718 1208 feceris.
765 1148 836 1224 quid
868 1149 980 1224 dicitis,
1017 1148 1199 1214 iudices?1o

139 1240 299 1297 transferet
317 1239 350 1297 in
371 1239 487 1297 facinus
509 1238 588 1297 hunc
606 1239 759 1298 caecitatis
778 1257 848 1296 suae
871 1238 986 1298 iuvenis
1008 1240 1158 1316 favorem,

140 1327 177 1386 ad
201 1347 289 1403 quem
307 1327 415 1386 cotidie
433 1327 594 1386 laudatura
612 1329 717 1387 civitas
736 1327 804 1402 coit,
828 1328 877 1386 cui
895 1326 1031 1386 adsident
1050 1320 1156 1388 om'nes

138 1417 238 1492 liberi,
267 1436 367 1476 omnes
390 1415 552 1492 parentes?
578 1417 668 1476 faciet
691 1435 721 1476 se
744 1417 856 1493 pariter
883 1416 1006 1492 pietatis
1034 1419 1065 1475 et
1092 1435 1158 1477 sce-

139 1507 208 1565 leris
237 1504 425 1582 exemplum?
469 1507 587 1566 facilius
615 1509 673 1582 est,
700 1508 734 1564 ut
757 1504 873 1564 occidas
895 1508 1024 1581 patrem,
1053 1525 1071 1564 a
1095 1525 1158 1582 quo

139 1596 179 1655 sis
202 1595 266 1671 ipse
289 1599 433 1655 servatus.
776 1670 778 1674 Α
1172 1616 1199 1659 rr

204 1685 325 1744 Nullius
357 1703 501 1760 unquam,
534 1684 660 1759 iudices,
691 1684 845 1759 parricidii
880 1685 976 1761 magis
1009 1683 1157 1744 debuistis

139 1776 274 1832 excutere
289 1792 401 1832 causas.
426 1767 608 1849 ‘cupiditas',
618 1773 725 1848 inquit,
736 1768 884 1833 ‘iuvenem
894 1774 956 1850 egit
968 1775 1001 1831 in
1015 1769 1157 1834 facinus’.

139 1864 193 1921 hoc
217 1862 243 1921 si
267 1862 418 1938 credibile,
442 1864 468 1921 si
490 1881 594 1920 verum
617 1865 676 1937 est,
700 1861 787 1920 debet
809 1863 917 1936 videri,
939 1862 1047 1920 mulier
1069 1862 1159 1922 heres

139 1952 282 2009 maritum
303 1970 340 2008 an
358 1953 476 2026 patrem
498 1969 601 2009 caecus
626 1950 819 2010 exheredatus
839 1951 985 2011 occiderit.
1023 1951 1159 2011 habeant

140 2058 220 2113 sane,
243 2039 365 2114 iudices,
387 2040 463 2097 hanc
486 2039 617 2098 nefariae
641 2039 814 2116 cupiditatis
836 2041 1060 2100 festinationem
1078 2059 1157 2116 quos
1171 2063 1200 2103 so

139 2128 282 2187 vitiorum
301 2129 397 2203 ardor,
417 2146 490 2203 quos
505 2127 612 2187 cotidie
629 2129 747 2187 luxuria
760 2132 948 2206 praecipitat.
985 2148 1044 2204 quo
1068 2148 1157 2190 caeco

139 2217 335 2276 hereditatem
357 2219 406 2278 vel
428 2215 636 2276 innocentem?
682 2219 760 2277 oculi
782 2222 866 2294 sunt,
890 2218 981 2292 oculi,
1003 2237 1057 2294 per
1080 2237 1157 2294 quos

141 2308 351 2382 paupertatem
369 2307 445 2365 ferre
464 2325 523 2365 non
541 2325 710 2382 possumus3
730 2309 808 2366 oculi
826 2311 892 2367 tota
910 2309 1013 2366 nostra
1026 2307 1156 2367 luxuria.

139 2396 172 2454 hi
195 2414 248 2454 nos
271 2395 303 2453 in
327 2396 426 2454 omnia
450 2395 557 2455 cotidie
580 2398 656 2454 vitia
678 2397 890 2472 praecipitant:
918 2399 1074 2472 mirantur,
1104 2397 1156 2455 ad-

140 2488 256 2559 amant,
287 2487 507 2561 concupiscunt.
553 2485 672 2544 facilius
699 2487 824 2561 impleas
852 2487 946 2544 animi
973 2486 1154 2545 satietatem.
1169 2506 1198 2549 aa

212 2643 226 2690 1
246 2637 375 2691 iuvenem
392 2653 449 2690 non
467 2636 638 2706 reliquarum
658 2646 700 2703 M,
724 2638 753 2690 iu
773 2655 857 2707 morp.
877 2637 921 2690 vel
945 2637 1004 2690 sine
1025 2652 1082 2690 non
1103 2654 1157 2706 po-

139 2710 195 2762 test
218 2707 289 2778 legi,
313 2708 389 2777 quod
406 2707 506 2761 melius
525 2729 557 2759 m
630 2707 820 2763 debilitatium
839 2709 1056 2763 POolbertiaas:
1081 2709 1157 2762 -tum

141 2797 160 2865 (i
179 2803 243 2850 cate
260 2815 280 2849 u
299 2815 334 2850 er.
349 2799 385 2865 Β)
404 2798 505 2864 reliqui
568 2780 766 2850 tuccessisse⁸
788 2806 810 2849 V
859 2797 903 2851 vel
921 2799 986 2866 post
1004 2796 1157 2851 accessisse

141 2868 190 2920 fiat
204 2868 389 2937 interrogatio
404 2869 432 2920 et
451 2878 468 2937 ἡ
485 2884 580 2921 versus
594 2868 714 2937 incipiat
731 2890 776 2934 ηις
796 2869 859 2938 (alii
876 2871 1077 2938 iaterpaapaat
1091 2875 1158 2937 post

141 2939 316 3010 caecitatem)
389 2946 404 2992 9
423 2939 454 2992 in
472 2955 546 3008 supr.
561 2949 600 3005 Β;
619 2956 669 2994 om.
685 2949 727 3006 Δις
745 2939 775 2992 11
794 2939 845 2994 illa
863 2956 931 2994 corr.
946 2946 978 2994 at
996 2940 1103 2994 ridetur
1122 2957 1158 2995 ea

140 3009 200 3063 ulla
222 3019 243 3062 V
330 3015 362 3064 11
381 3009 546 3064 transferret
564 3020 640 3063 ΒΡ]
661 3014 684 3081 (1
702 3012 751 3065 dcl.
771 3011 936 3080 rubricator)
1017 3010 1156 3067 favorem:

140 3080 258 3135 feroram
281 3091 302 3134 V
371 3086 403 3135 12
423 3081 585 3137 laudatura:
609 3081 761 3136 laudatura
780 3099 797 3148 a
815 3092 843 3135 Β
915 3088 946 3136 13
966 3082 1054 3135 faciat
1073 3097 1102 3135 se
1122 3101 1158 3138 eoe

140 3159 295 3207 correctura
312 3164 337 3206 J
411 3159 445 3206 14
467 3158 500 3208 ut
523 3170 573 3208 om.
593 3163 614 3206 V
684 3160 715 3207 17
740 3155 879 3208 excutere:
903 3154 1043 3207 discutere
1065 3162 1087 3205 V

140 3223 268 3277 iuvenem
285 3225 423 3279 delDesa.
480 3231 512 3278 21
532 3224 659 3292 luxuriea
673 3235 701 3278 Β
752 3225 937 3295 praecipitat:
957 3223 1161 3294 praecipiat?

141 3300 173 3346 22
193 3295 369 3349 innocentem
384 3318 406 3348 ω
426 3296 627 3365 (ignoscentem
644 3298 689 3366 J):
711 3297 854 3351 innocenti
872 3309 907 3359 ys
979 3302 1012 3349 23
1031 3311 1157 3365 pauper-

139 3383 209 3436 tatis
227 3394 256 3450 .1,
281 3402 348 3439 corr.
363 3396 374 3436 a
446 3385 585 3454 possimus
603 3397 633 3454 J,
656 3398 750 3440 corat
822 3385 930 3440 luxulia
948 3403 981 3439 erc
998 3384 1110 3437 luxuria
1130 3395 1160 3438 Β

140 3495 174 3543 24
201 3490 303 3544 cotidie
329 3491 359 3544 in
385 3492 519 3556 omnias
600 3498 633 3546 25
659 3474 858 3561 concupierint
880 3502 908 3545 Β
979 3491 1157 3547 satietatem:

141 3562 318 3615 saturitatem
343 3573 379 3630 P,
404 3580 472 3618 corr.
486 3585 507 3624 ρ
