2430 3952
140 190 207 257 324
436 186 851 243 immanissimum

140 359 231 432 deris,
259 359 294 416 ut
315 356 520 434 interrogeris,
545 357 691 432 expectas.
736 375 797 415 uon
818 355 948 431 erumpis
971 354 1009 413 ab
1032 355 1086 415 illo
1110 375 1159 416 se-

140 449 221 507 creto
245 448 296 506 tuo
318 445 460 506 terribilis
482 446 514 503 in
536 443 708 521 publicum?
731 447 762 504 et
783 446 871 504 homo
889 443 946 503 filii
962 461 1066 504 cruore
1086 465 1159 522 per·

140 537 223 596 fusus
250 553 310 594 non
336 535 516 611 proclamas,
541 553 602 592 non
624 534 694 594 deos
718 535 911 608 hominesque
932 535 1066 608 testatis,
1093 553 1160 593 non

141 624 249 685 occidis
272 626 303 682 et
324 621 472 683 matrem?
508 623 621 683 scilicet
642 623 788 682 modestia
809 626 840 682 te
863 623 1006 682 scelerum
1024 624 1158 699 tuorum,

141 732 209 774 cnm
230 713 357 772 maxime
380 711 472 787 decet,
496 714 526 770 et
548 711 614 771 ideo
636 711 694 770 tibi
712 712 856 787 relinquis
878 711 957 770 unde
975 713 1016 770 sis
1033 712 1158 787 quietae
1186 733 1199 773 s

107 803 314 879 dpatientine.
360 803 449 861 miser
471 801 568 878 parcis
591 802 689 876 uxori,
712 801 882 879 coniugales
906 800 975 859 deos
998 802 1028 859 et
1050 800 1159 860 lectuli

139 894 207 952 iura
232 892 383 949 revereris
430 910 447 948 o
471 909 560 965 quam
589 908 649 950 nou
675 889 766 949 habet
792 909 846 949 nec
869 888 950 964 quod
977 891 1159 951 mentiaturl

208 980 306 1039 Malae
329 981 517 1039 tractationis
541 979 664 1056 agimus.

208 1068 311 1128 Placet
334 1086 418 1145 ergo,
440 1068 565 1142 iudices,
588 1068 698 1127 utillo
720 1085 791 1127 voce
813 1087 873 1143 qua
895 1067 1159 1128 matrimoniorum

141 1159 349 1233 conquerimur
370 1159 507 1231 iniurias,
531 1157 657 1235 gemitu,
683 1176 744 1232 quo
767 1175 925 1232 corporum
950 1155 1159 1232 contamelies,
1173 1178 1199 1220 ae

141 1246 263 1321 dumne,
291 1247 388 1305 cultus
411 1249 442 1305 et
464 1249 587 1324 negatos
615 1245 646 1304 in
669 1246 821 1323 publicum
844 1243 982 1305 dedemus
1010 1263 1159 1322 emmaus,

142 1335 284 1395 orbitates
308 1353 342 1394 ac
364 1336 524 1394 liberorum
546 1353 685 1411 suprema
710 1331 912 1412 plangantur?
959 1333 1030 1409 quid
1052 1336 1159 1395 tamen

142 1426 238 1485 facere
261 1424 353 1483 vultis
376 1427 516 1484 miserum
539 1423 683 1498 dolorem,
711 1425 737 1482 si
759 1443 819 1482 non
841 1422 932 1482 habet
954 1423 1045 1482 aliam
1069 1441 1159 1483 sexus

141 1515 189 1575 hic
212 1515 316 1592 legem,
339 1515 366 1572 si
387 1516 468 1572 intra
489 1515 564 1573 iuris
586 1513 674 1571 huius
696 1514 849 1589 angustias
866 1511 962 1572 omnis
980 1513 1159 1588 nuptiarum

142 1603 263 1679 querela
291 1602 450 1662 constricta
477 1599 542 1661 est?
586 1602 683 1662 mater
705 1620 783 1676 quae
806 1601 841 1660 de
864 1603 959 1660 morte
984 1600 1042 1658 filii
1064 1601 1157 1661 mari·
1171 1623 1196 1665 rs

142 1695 208 1753 tum
230 1692 326 1751 malae
350 1692 537 1751 tractationis
561 1694 692 1765 accuset,
715 1709 776 1750 non
798 1690 931 1749 vindicat
953 1689 1005 1748 sed
1026 1689 1157 1766 probate

143 1783 282 1842 contenta
305 1783 350 1839 est
373 1781 453 1855 quod
475 1798 533 1838 non
556 1779 692 1839 debuerit
713 1778 816 1839 occidi.

210 1868 390 1929 Omittamus
413 1870 572 1945 paulisper,
595 1868 715 1942 iudices,
739 1867 876 1927 orbitatis
894 1866 1085 1928 tristissimae
1104 1868 1158 1928 do·

142 1960 245 2032 lorem,
262 1960 292 2015 et
309 1960 342 2015 in
359 1958 519 2034 parricidio
537 1958 634 2016 malae
652 1957 840 2017 tractationis
858 1956 1015 2016 reddamus
1033 1956 1158 2017 aliunde

144 2065 254 2105 causas.
291 2047 336 2103 ita
359 2064 418 2103 non
441 2046 519 2104 iuste
542 2049 714 2120 quereretur
736 2065 819 2120 uxor,
841 2047 868 2105 si
891 2045 1016 2105 diceret:
1040 2045 1157 2106 adulte
1172 2068 1199 2109 so

142 2136 221 2193 rium
244 2121 280 2192 de
303 2153 350 2192 me
373 2135 460 2192 facile
483 2136 649 2211 suspicatus
673 2154 715 2208 ee,
744 2136 803 2194 cito
827 2132 999 2194 credidisti?
1043 2137 1158 2195 matro-

143 2224 220 2284 nalis
243 2223 339 2299 pudor
360 2223 488 2282 tutelam
510 2243 569 2282 non
593 2242 627 2280 ex
646 2241 699 2281 sua
721 2226 840 2282 tantum
862 2222 1033 2282 innocentia
1054 2223 1159 2299 habet,

92 2348 124 2359 ν
143 2311 300 2371 iufirmitas
323 2311 410 2370 huius
429 2330 513 2372 sexus
532 2330 591 2370 non
613 2315 713 2388 potest
729 2315 826 2371 totam
843 2311 1035 2388 inprobitatis
1054 2311 1158 2372 existi·

143 2402 305 2460 mationem
327 2400 431 2459 debore
454 2404 572 2460 tantum
599 2402 729 2460 moribus
754 2402 829 2461 suis:
856 2403 952 2460 omnis
974 2402 1006 2459 in
1028 2401 1159 2463 feminas

143 2491 226 2553 venit
248 2489 425 2549 maritorum
447 2490 667 2567 praedicatione
689 2492 864 2565 reverentia,
888 2508 988 2550 omnes
1006 2508 1158 2554 sermones
1174 2512 1200 2554 ss

143 2581 289 2661 originem
317 2579 352 2638 de
374 2579 481 2639 vestris
508 2579 676 2655 pectoribus
704 2578 862 2655 accipiunt.
908 2580 1023 2638 tristior
1044 2579 1160 2655 vultus,

16 2692 21 2705 ·
144 2670 277 2744 querela,
305 2667 472 2742 fastidium,
502 2669 599 2727 fatum
627 2671 671 2728 est
699 2667 838 2745 coniugii.
885 2668 920 2726 de
947 2668 1060 2744 pudore
1087 2688 1160 2744 pro·

143 2760 271 2832 nuntiat,
294 2756 389 2816 mittit
410 2760 443 2816 iu
465 2775 517 2816 ora
540 2757 653 2834 populi,
676 2758 772 2816 mittit
793 2759 826 2815 iu
848 2756 973 2816 fabulas.
1008 2757 1065 2817 hoc
1088 2777 1159 2834 pro·

216 3004 229 3051 1
251 2997 343 3068 erupis
363 3010 378 3063 s
471 2977 604 3052 secrcettuo
623 3006 651 3050 B
667 3000 745 3068 (corr.
761 3000 788 3068 o)
879 3003 896 3051 4
915 2996 1065 3052 occidisset
1082 3008 1106 3050 V

145 3110 255 3158 ocumz
274 3121 359 3172 quam
378 3117 413 3169 so
504 3087 617 3174 epuiis
634 3114 656 3157 V
743 3104 925 3159 Stractiouis
943 3113 978 3172 B,
996 3107 1028 3159 ta
1046 3117 1161 3174 sapae

146 3215 178 3263 10
198 3212 347 3279 conquitur
363 3221 400 3278 B‚·
417 3211 596 3280 conqueritur
613 3220 664 3264 §M
743 3217 776 3265 11
795 3194 937 3282 egressuin
954 3220 976 3263 V
1045 3216 1077 3264 12
1093 3219 1163 3282 post

144 3280 295 3335 liberorum
313 3301 348 3337 er.
366 3282 491 3337 dolorem
508 3292 530 3335 V
601 3288 634 3336 14
652 3282 756 3336 somnis
774 3291 796 3334 V
865 3288 897 3337 16
917 3282 1059 3352 quaerella
1077 3293 1109 3336 B

146 3358 178 3407 16
198 3357 311 3407 accusat
329 3354 421 3408 malae
439 3354 616 3409 tractationis
631 3367 645 3419 β
700 3359 732 3408 17
752 3353 880 3409 debuerit
898 3372 931 3410 ec
950 3354 1082 3408 dubuerit
1096 3365 1127 3409 B

145 3423 249 3477 occidit
267 3425 475 3490 dimittamuss
568 3429 601 3479 20
626 3424 815 3498 adnuiterium
833 3434 861 3478 B
955 3431 987 3479 21
1013 3424 1159 3495 suspicata

144 3504 180 3562 Β,
198 3511 210 3548 s
227 3508 336 3566 cupro
404 3497 653 3552 achaeorum
712 3502 745 3551 23
764 3497 914 3566 probitatis
935 3497 984 3554 Gr.
1046 3502 1079 3552 at
1100 3497 1161 3555 sac·

145 3568 205 3620 tum
222 3577 244 3620 V
299 3572 332 3622 28
351 3567 428 3621 mitit
446 3578 474 3621 P
525 3567 615 3622 mittit
633 3566 663 3622 in
681 3566 805 3623 fabulas:
824 3567 968 3638 pervenire
986 3577 1024 3636 Μ,
1042 3585 1114 3626 corr.
1127 3591 1162 3627 a
