2430 3952
406 211 641 267 nucumnsro
661 212 712 267 xv
730 218 809 268 c-e.
997 199 999 204 '
1043 213 1108 277 283

88 382 173 440 diem
199 382 329 460 pervigil
357 383 474 441 amator
500 383 629 458 expecto.
675 399 797 457 possum
824 382 981 458 navigare,
1014 382 1108 440 colere

93 474 203 546 terras,
236 469 350 530 sufficio
382 471 522 544 militiae,
554 469 686 530 redditus
719 470 793 529 mihi
824 474 870 530 est
901 471 1019 529 animus
1051 489 1108 546 quo

92 560 194 620 fierem
230 561 369 634 manitus,
406 577 464 635 quo
501 559 646 618 senectuti
686 559 846 635 liberisque
887 555 1106 635 prospicerem!

94 651 252 725 quantum,
294 648 336 706 dii
376 649 520 724 deaeque,
564 647 727 707 remedium
769 649 940 708 condicione
980 648 1109 707 bibentis

43 759 80 798 :a
95 735 212 797 valuit?
256 737 368 797 fecerat
412 740 443 796 te
487 738 588 812 potius
634 739 694 797 ista
738 737 868 810 felicem,
914 739 941 796 si
985 737 1109 796 divitem

93 828 202 904 puella.
247 828 293 886 itu
315 827 363 884 rel
390 826 446 885 hoc
472 845 532 884 non
560 827 670 900 solum,
699 825 825 901 iudices,
849 826 1109 886 innocentissimae

92 916 211 992 puellae
243 934 298 991 pro
326 913 495 974 defensione
527 913 676 975 sufficeret
703 915 784 992 quod
812 915 889 973 nihil
918 915 990 975 fecit
1019 932 1110 974 causa

93 1003 169 1064 sua?
214 1008 379 1063 amatorem
401 1004 527 1078 dimisit,
550 1004 694 1080 explicuit
715 1005 771 1064 illa
794 1022 869 1080 quae
893 1007 1013 1081 captare
1034 1002 1109 1063 uici-

93 1097 152 1168 tur,
179 1096 214 1152 ut
241 1095 365 1167 ametur,
392 1112 468 1168 quae
496 1092 652 1167 sollicitat,
680 1112 757 1169 quae
780 1094 944 1169 corrumpit
967 1093 1108 1153 adfectus.

53 1203 80 1244 ro
93 1183 224 1261 ingrate,
248 1185 361 1257 quanta
384 1181 419 1241 de
442 1185 472 1241 te
500 1183 632 1257 potuerit
659 1183 755 1260 gloria
779 1180 860 1240 frui?
905 1201 966 1240 non
989 1181 1110 1258 quidem

93 1272 209 1331 coniers
235 1272 346 1347 pretia,
373 1290 433 1330 non
460 1271 566 1346 stipes,
594 1271 645 1329 sed
668 1271 798 1344 adsides,
826 1272 969 1346 sequeris,
996 1272 1110 1345 haeres,

92 1362 227 1435 praestus
247 1359 431 1434 comitatum,
450 1360 592 1433 favorem,
610 1360 715 1419 laudas
733 1361 853 1436 ubique,
872 1361 999 1420 miraris.
1040 1361 1109 1419 hinc

94 1468 168 1527 ergo
188 1450 249 1508 iam
275 1448 493 1522 meretricibus,
517 1448 596 1525 quod
622 1449 692 1508 illas
715 1451 807 1509 etiam
831 1468 976 1525 pauperes
1001 1451 1108 1522 ament,

94 1538 175 1613 quod
201 1538 288 1597 facile
316 1539 505 1615 contingant,
533 1537 612 1613 quod
640 1538 791 1596 laboribus
815 1541 972 1597 exorentur
1001 1537 1109 1596 adeun·

52 1646 79 1688 15
93 1627 180 1701 tium,
203 1621 390 1704 <invidiam>
412 1627 513 1700 facies,
535 1626 583 1684 hio
608 1629 732 1701 amator,
754 1630 789 1686 ut
811 1627 919 1686 divites
944 1630 1052 1700 ament,
1077 1624 1128 1683 in‘

93 1719 204 1775 crimen
226 1718 388 1774 maximum
407 1718 509 1793 captas
533 1716 694 1775 transferre
716 1714 910 1775 beneficium?
947 1718 981 1774 ut
1000 1717 1109 1790 aliquis

94 1825 194 1865 amare
216 1803 341 1879 desinat,
364 1823 424 1863 non
447 1804 506 1864 nisi
528 1804 565 1863 ab
589 1808 709 1864 amante
731 1807 909 1881 praestatur.

120 1944 122 1950 .
161 1893 238 1964 Quid
266 1894 322 1968 ais,
352 1892 489 1953 iuvenis?
533 1895 578 1953 ita
605 1893 709 1953 bibisti
735 1896 888 1971 potionem
916 1912 992 1968 quae
1019 1891 1144 1952 fincmS

93 1982 307 2059 cupiditatibus
331 1982 424 2057 deret,
446 1985 594 2058 premeret
613 1982 756 2058 ardorem,
780 1983 927 2042 desideria
945 1981 1109 2061 restingue-

46 2091 79 2131 so
93 2069 159 2132 ret?
205 2071 267 2146 abi,
294 2071 410 2146 recede,
443 2071 514 2130 dum
542 2071 660 2148 puellae
689 2071 809 2148 publico
839 2073 955 2149 generis
985 2072 1110 2130 humani

92 2162 213 2221 nomine
240 2160 353 2238 gratias
382 2162 497 2238 agimus
525 2160 606 2236 quod
631 2161 688 2219 hoo
714 2160 780 2220 fieri
806 2179 892 2236 posse
920 2161 1108 2220 monstravit.

92 2251 177 2310 furor
199 2251 251 2308 ille
275 2252 335 2326 qui,
359 2251 384 2308 si
408 2250 561 2324 credimus,
587 2251 711 2308 numina
734 2269 851 2327 quoquc
875 2250 1011 2309 detracta
1033 2250 1109 2308 side·

92 2339 176 2398 ribus
198 2338 281 2398 misit
303 2341 336 2397 in
358 2341 462 2413 terras,
486 2338 591 2414 quide
610 2340 702 2399 sacris
720 2340 954 2414 venerandisque
977 2340 1109 2416 pigneri-

93 2427 148 2486 bus
171 2429 304 2487 monstra
327 2429 510 2486 commentus
534 2429 592 2501 est,
620 2427 709 2486 ardor
732 2428 784 2504 qui
811 2428 931 2487 miscuit
954 2428 1109 2486 hominum

51 2517 283 2592 ceterarumque
302 2516 484 2590 concubitus,
507 2516 627 2590 ferrum,
645 2517 734 2594 ignis,
755 2517 885 2576 claustra
904 2516 1033 2589 laxabat,
1056 2535 1110 2591 per

93 2607 251 2665 interiecta
281 2605 342 2664 late
374 2607 470 2664 maria
501 2605 648 2682 fugiebat,
681 2607 812 2680 vetatur,
845 2606 932 2681 perit.
983 2604 1109 2679 accipite

94 2695 175 2771 quod
202 2694 297 2771 magis
328 2694 460 2754 debeatis
493 2696 624 2770 stupere,
656 2695 773 2754 mnari:
787 2705 791 2710 ’
804 2693 967 2753 remedium
1000 2692 1108 2753 umoris

92 2785 201 2843 mulier
222 2784 347 2842 invenit.
393 2782 517 2842 desinite
539 2801 618 2842 nunc
640 2784 787 2842 incestum
811 2784 930 2856 timere,
958 2782 1108 2855 mortales,

165 3027 303 3080 lterram
323 3032 349 3076 Ρ
419 3028 540 3093 4quam
558 3025 587 3076 te
606 3032 674 3089 3113
693 3025 798 3092 quante
817 3032 838 3075 V
907 3021 1062 3076 conditioni
1081 3034 1108 3089 βς

93 3112 152 3151 -em
170 3109 191 3149 c·
278 3094 397 3164 epotio
420 3104 453 3149 11
539 3094 624 3148 istam
646 3103 674 3147 Β
763 3087 914 3163 Vpuellae
937 3110 988 3149 cm.
1007 3103 1040 3148 Μ

95 3172 111 3221 8
135 3166 243 3221 dimisit
265 3169 294 3220 et
316 3164 453 3236 explicuit
471 3174 504 3219 Ι
605 3171 636 3219 11
661 3163 765 3235 pretio:
791 3164 951 3235 praemisa
1045 3171 1110 3235 post

92 3238 187 3308 pretia
204 3255 259 3293 raa.
279 3247 300 3290 V
368 3237 506 3291 adsidisse
525 3235 667 3304 quaereris
686 3238 747 3290 erat
765 3245 803 3303 υς
822 3235 965 3291 obsedisse
984 3236 1108 3306 quereris

93 3309 174 3364 heret
190 3318 221 3375 V3
239 3308 372 3365 assidisse
391 3307 514 3379 quereris
533 3308 613 3362 heres
633 3321 653 3360 o
724 3313 756 3360 12
775 3307 855 3362 favor
873 3310 916 3362 est
933 3317 955 3360 V
1021 3307 1108 3362 lauda

92 3390 146 3434 BV
190 3379 331 3435 miseraris
349 3389 371 3432 V
422 3385 456 3434 14
475 3379 634 3450 contigatc
689 3382 722 3432 11
741 3379 878 3434 invidiam
896 3380 1054 3434 1111111111.

92 3451 160 3506 hinc
177 3463 216 3504 s·
249 3456 282 3504 19
301 3452 483 3521 restringeret
501 3460 522 3503 V
577 3456 609 3504 21
630 3465 747 3534 agemus
766 3460 799 3505 11
855 3456 888 3504 23
907 3450 1072 3521 pignoribus
1091 3459 1113 3502 V

93 3529 128 3578 25
147 3523 227 3594 ignes
241 3531 307 3588 mc
383 3521 821 3591 26interiectus:1nterritoo
899 3521 993 3576 laetae
1011 3530 1039 3574 Β

92 3595 214 3664 accipite
225 3625 258 3634 -
268 3593 376 3649 invenit
394 3594 411 3649 1.
425 3598 464 3648 28
482 3610 533 3648 cm.
549 3605 563 3658 β
644 3598 678 3647 28
697 3593 818 3649 desinite
830 3625 860 3633 -
872 3591 1009 3647 mortales
1026 3609 1083 3644 om,
1096 3601 1115 3638 n
