2430 3952
488 211 536 265 PR
549 211 716 267 Ansn'uo.
1083 213 1123 269 XI

99 383 231 443 usitatis.
272 380 391 439 litterae
414 381 546 440 initiales
570 383 601 439 et
622 381 713 440 rubro
737 385 768 440 et
790 382 880 441 viridi
902 382 1000 441 colore
1023 382 1122 457 pictae

100 473 179 532 sunt.
216 488 294 546 quae
312 470 374 528 iam
392 473 565 545 sequuntur,
584 470 640 529 hoc
661 471 727 541 loco
746 490 918 531 enumerare
936 471 1122 546 supersedeo,

99 580 171 621 cum
194 579 229 620 ea
251 562 357 636 postea
384 559 502 618 demum
530 578 597 617 cum
620 559 945 629 Pseudo-Quintiliano
973 580 1068 619 unum
1089 559 1122 621 in

98 650 240 710 volumen
268 650 426 709 coniuncta
454 640 551 727 sint.¹)
598 648 829 710 declamationes
856 669 962 709 manus
991 649 1121 708 eiusdem

99 741 210 799 aetatis
241 740 377 797 correxit.
419 737 576 813 quinquies
605 738 653 798 vol
677 738 770 798 sexies
800 740 917 798 saeculo
941 737 997 796 XV
1019 740 1121 798 variae

88 830 244 888 lectiones
266 827 387 886 additae
411 830 488 886 sunt.

170 916 340 977 Saldensem
360 919 460 975 autem
478 936 514 974 ex
532 916 680 977 Vossiano
704 937 794 992 quam
814 917 1034 978 accuratissime
1057 934 1121 975 esse

100 1006 286 1082 descriptum
299 1005 402 1066 multis
412 1007 561 1064 evincitur
570 1007 761 1083 argumentis.
789 1025 813 1065 e.
824 1027 851 1084 g.
862 1005 1121 1065 declamatioXIX

98 1095 212 1155 eisdem
241 1094 339 1155 verbis
370 1094 479 1154 desinit
506 1098 596 1171 atque
624 1097 656 1153 iu
680 1096 834 1154 Vossiano.
877 1114 944 1154 cum
974 1094 1121 1154 declama·

99 1187 182 1244 tione
204 1184 249 1243 IV
271 1184 357 1243 finita
386 1183 576 1242 membranae
603 1203 673 1259 pars
696 1184 800 1244 infima
827 1187 949 1260 propter
978 1184 1121 1242 materiae

99 1273 250 1334 maculam
271 1275 304 1332 in
323 1272 470 1333 Vossiano
488 1274 598 1332 litteris
617 1293 678 1332 non
701 1275 820 1349 expleta
843 1276 892 1349 sit,
914 1276 988 1333 item
1006 1276 1038 1332 in
1058 1271 1121 1330 Sol·

100 1363 186 1422 densi
208 1364 325 1438 reliqua
352 1363 482 1439 paginae
511 1382 580 1438 pars
604 1381 699 1421 vacua
727 1365 780 1422 est.
822 1363 945 1422 titulum
974 1363 1121 1422 declama-

98 1454 192 1513 tionis
210 1451 255 1510 VI
272 1451 395 1528 praebet
413 1456 538 1527 uterque
557 1452 648 1511 codex
665 1453 722 1511 hac
741 1453 850 1511 forma:
868 1455 935 1527 ipsa
955 1458 997 1511 cst
1013 1467 1122 1511 marcas

100 1560 131 1601 cc
257 1559 295 1600 cc.
335 1542 414 1599 inter
437 1545 646 1619 argumentum
674 1541 898 1600 declamationis
921 1541 982 1600 VH
1005 1544 1035 1600 et
1057 1545 1120 1600 tex-

97 1634 166 1690 tum
183 1632 308 1706 uterque
324 1629 440 1688 addidit
453 1647 535 1704 opas.
573 1630 716 1689 accedunt
731 1631 851 1689 eaedem
864 1631 997 1705 lacunae,
1017 1630 1121 1690 eadem

98 1720 184 1779 vitia.
239 1720 414 1795 plerumque
451 1739 527 1794 quae
561 1719 708 1779 Saldensis
744 1720 867 1796 propria
902 1723 1025 1796 peccata
1058 1737 1120 1778 esse

98 1808 240 1869 videntur
270 1809 412 1868 facillime
445 1828 479 1867 ex
509 1808 685 1869 lectionibus
716 1808 856 1868 Vossiani
887 1827 1044 1886 perperam
1076 1811 1120 1867 in-

14 1947 20 1957 .
98 1897 228 1958 tellectis
252 1899 446 1972 explicantur.

167 1987 234 2046 Iam
260 1990 447 2046 transeamus
477 1987 515 2046 ad
546 1988 903 2064 Montepessulanum
934 1988 964 2047 H
991 1990 1053 2047 926
1086 2008 1121 2048 ex

95 2076 282 2135 bibliotheca
305 2077 422 2135 scholae
446 2077 576 2136 medicae
597 2069 660 2158 (Μ)
668 2069 694 2154 ²)
713 2078 824 2136 saeculi
847 2077 1005 2156 XIIJXHI,
1028 2097 1119 2137 mom-

98 2165 287 2240 branaceum
311 2166 424 2224 formae
444 2167 660 2241 quatemariae‚
681 2166 821 2225 foliorum
841 2169 891 2240 90,
910 2185 1049 2226 versuum
1069 2170 1120 2226 35.

98 2254 216 2331 primae
243 2254 494 2313 declamationum
521 2256 640 2313 litterae
664 2256 761 2315 colore
789 2255 924 2315 cacruleo
954 2259 1008 2314 aut
1030 2256 1120 2315 rubro

99 2346 200 2420 pictae
223 2347 300 2403 sunt.
342 2343 472 2403 codicem
497 2343 534 2402 ab
557 2364 619 2402 una
642 2346 901 2421 manuscriptum
926 2346 1021 2405 altera
1044 2347 1120 2404 eius·

100 2433 168 2492 dem
191 2434 301 2492 aetatis
320 2434 454 2507 correxit,
479 2452 555 2508 quae
577 2434 686 2493 menda
703 2434 821 2492 librarii
844 2438 981 2494 accurate
1004 2453 1121 2493 emacu-

100 2523 190 2596 latis,
220 2541 275 2598 pro
302 2522 458 2597 scripturis
485 2541 501 2580 e
531 2541 665 2583 sermone
693 2523 812 2600 vulgari
842 2524 1024 2599 depromptis
1048 2542 1072 2581 e.
1091 2544 1120 2600 g.

99 2612 214 2685 inquid,
232 2612 452 2678 calamitatium,
471 2628 583 2670 concas
596 2610 645 2685 (=
659 2608 803 2688 samaras),
822 2613 955 2671 danaum
974 2611 1023 2686 (=
1037 2613 1120 2671 dam-

99 2700 196 2774 mam),
220 2703 389 2768 ammirari,
411 2702 492 2773 facta
515 2699 563 2774 (=
582 2701 661 2775 fata)
685 2702 828 2780 genuinas
851 2702 997 2775 restituit,
1029 2721 1121 2760 enun-

98 2788 178 2848 tiata
201 2788 350 2864 distinxit,
374 2789 473 2848 varias
497 2791 626 2849 aliorum
653 2790 798 2849 librorum
823 2790 978 2865 lectiones,
1007 2794 1120 2850 coniec-

99 2881 198 2952 turas,
221 2879 433 2954 explicationes
462 2881 494 2936 in
522 2880 657 2957 margine
685 2880 801 2938 adiecit.
842 2879 1120 2956 Montepessulanus

99 2972 169 3045 post
188 2968 435 3027 declamationem
453 2968 501 3025 HI
523 2968 646 3042 praebet
670 2971 889 3027 accusationem
907 2970 1013 3028 militis
1035 2970 1121 3027 illam

101 3077 192 3133 quam
221 3056 341 3135 ignotus
372 3057 494 3131 quidam
524 3061 628 3116 auctor
657 3058 754 3115 medio
779 3076 851 3116 aevo
882 3058 1049 3133 composuit
1076 3058 1120 3116 in-

100 3148 256 3223 scriptam:
287 3147 422 3205 tricacos
447 3147 612 3205 Mcricaas
639 3146 776 3222 apposito
804 3149 905 3206 tamen
933 3148 1018 3224 signo
1043 3150 1120 3205 anti-

101 3236 208 3314 graphi
233 3226 297 3316 (ψ).
342 3236 439 3310 primo
467 3236 541 3294 folio
571 3237 695 3313 legitur:
729 3236 904 3309 Quintiliani
934 3237 1121 3296 decausis

174 3444 199 3512 1)
219 3440 253 3495 cf.
269 3440 399 3511 Catalogi
416 3440 553 3494 librorum
566 3442 821 3511 manuscriptorum
835 3443 955 3512 Angliae
974 3445 1003 3496 et
1021 3442 1120 3497 Hiber-

100 3511 174 3580 niae,
193 3512 317 3568 Oxcniae
337 3517 405 3566 1697
426 3513 446 3580 1,
465 3531 493 3581 p.
510 3519 560 3567 162
581 3512 632 3566 sub
651 3513 699 3566 Nr.
715 3518 793 3567 3350.

173 3587 200 3655 2)
219 3583 253 3639 cf.
273 3584 456 3651 Dessauer‚
475 3602 502 3654 p.
520 3591 560 3638 14.
