2430 3952
431 222 665 278 DECLAMATIO
683 223 741 276 VII.
1027 223 1091 288 401

82 394 172 451 durus
201 393 273 452 adeo
303 395 417 465 tamen,
447 394 481 472 ut
511 412 588 451 non
585 392 743 470 moriatur.
790 392 828 450 D
853 392 937 466 atqui
967 392 1093 450 liberum

81 483 231 540 hominem
254 483 386 555 torqueri
405 500 463 539 non
486 473 583 540 liceat
627 465 725 557 legem
744 479 853 538 audite
894 481 927 538 P
950 481 1007 540 hoc
1030 482 1093 540 cius

81 589 256 646 responsum
279 573 323 629 331
342 570 425 629 cuius
443 572 593 629 tormenta
616 571 801 645 poscuntur.¹
827 569 883 628 hoc
900 572 1018 638 tantum
1041 574 1094 644 331,

82 663 116 718 ut
139 679 224 718 nemo
251 660 326 718 liber
355 662 531 734 torqueatur
557 660 678 718 invitus.
726 660 766 718 D.
789 659 934 734 numquid
962 658 1010 717 1311
1032 677 1094 717 cor-

56 749 247 825 erumpenda
270 746 335 807 est?
375 750 408 806 P.
428 750 460 806 at
483 767 553 807 sane
571 747 765 825 intelligenda
788 766 864 822 quae
890 747 1018 806 aservis
1042 766 1094 805 nos

81 840 221 911 secernit,
244 839 450 913 impatientiae
472 839 592 896 tanturn
614 837 742 896 nolentis
765 837 917 896 succurrit.
963 837 1095 895 omnium

82 926 290 986 beneficiorum
313 929 421 984 natura
444 928 503 1001 est,
532 929 568 984 ut
590 945 650 984 non
673 928 713 984 sit
735 925 908 999 necessitas,
938 925 990 983 sed
1012 928 1094 1000 pote·

83 1020 153 1075 stas.
192 1015 334 1091 quiequid
352 1015 445 1074 honos
469 1017 523 1090 331,
546 1015 660 1074 desinet
679 1033 749 1089 3333,
773 1015 799 1073 31
817 1032 913 1090 cogas.
954 1015 993 1073 D.
1012 1014 1094 1071 itane

83 1123 184 1165 omnes
212 1105 288 1163 aliae
315 1105 395 1182 leges
418 1104 533 1181 rigidae
558 1107 588 1161 et
613 1105 782 1163 constantes
810 1105 907 1177 erunt,
937 1103 1009 1161 haec
1031 1104 1095 1162 sola

43 1216 69 1254 ιο
85 1193 124 1252 ad
145 1191 311 1269 placitum?
350 1194 383 1250 P.
408 1212 483 1268 quae
505 1213 575 1251 vero
597 1190 717 1251 omnes?
758 1211 843 1252 caeco
866 1192 1008 1251 talionem
1030 1210 1095 1268 per-

81 1284 172 1357 misit,
196 1301 255 1340 non
279 1284 383 1358 coligit.
426 1282 545 1340 caedem
567 1282 717 1340 vindicare
740 1300 828 1357 passa
852 1283 905 1355 est,
929 1300 988 1339 non
1010 1300 1095 1356 prae·

82 1372 168 1446 cepit.
210 1373 314 1445 nescis,
336 1371 478 1446 improbe,
501 1368 616 1429 nescis?
657 1389 750 1446 paene
769 1371 864 1428 levius
885 1373 930 1428 331
947 1371 1094 1428 ultionem

81 1462 178 1535 perire
202 1480 292 1534 quam
309 1461 497 1536 potestatem.
539 1459 691 1518 servitutis
710 1478 802 1535 genus
822 1461 866 1518 est
885 1461 988 1518 coacta
1007 1460 1095 1517 liber.-

81 1552 137 1607 tas.
179 1550 334 1624 31333113,
366 1548 437 1623 quid
463 1549 511 1605 lex
540 1548 600 1606 ista
622 1545 811 1624 promiserit?
851 1567 911 1606 non
934 1548 1032 1624 exigo,
1061 1550 1095 1606 ut

42 1659 68 1698 15
82 1638 257 1712 torquearis.
305 1640 345 1702 1).
373 1657 432 1696 non
461 1640 508 1696 est
536 1639 658 1712 mirum,
687 1636 719 1694 P.
748 1635 788 1712 Ο,
818 1636 844 1694 31
873 1637 989 1695 mavult
1018 1638 1095 1694 mori

84 1746 173 1802 quam
202 1727 301 1785 vivere
329 1727 381 1802 qui
410 1727 526 1785 mavult
553 1745 654 1785 servus
685 1744 776 1801 quam
804 1725 880 1783 liber
907 1743 977 1784 3333.
1019 1727 1051 1782 Ρ.
1078 1743 1094 1783 3

83 1835 175 1890 prava
198 1815 329 1889 libertae,
352 1834 387 1873 ex
411 1833 469 1889 qua
492 1815 587 1874 oritur
605 1815 758 1873 occidendi
775 1815 911 1874 facultas.
954 1834 1008 1892 ego
1030 1815 1095 1872 vin-
1177 1822 1181 1828 “

82 1905 176 1964 dicari
198 1905 292 1979 malo,
320 1923 381 1962 non
409 1906 492 1963 mori.
534 1905 572 1963 D.
596 1905 729 1978 torqueri
760 1923 819 1962 non
843 1903 931 1962 debet
960 1903 1012 1977 qui
1034 1906 1095 1961 tor·

82 1997 183 2052 menta
201 1992 300 2070 exigit.
337 1995 370 2051 P.
390 1992 462 2067 quid
479 1993 612 2066 interest,
630 1994 755 2070 exigam,
779 2011 817 2050 an
835 2011 975 2052 recusem.
1012 1991 1096 2051 brevi

41 2105 68 2144 ao
81 2102 185 2143 verum
207 2083 324 2141 fatebor
342 2082 462 2141 invitus.
503 2102 563 2140 non
586 2081 679 2141 debet
693 2082 847 2156 postulans
871 2101 931 2140 non
944 2082 1095 2156 torqueri,

81 2172 132 2231 sed
155 2172 323 2248 dupplicari
349 2172 542 2245 tormentum,
570 2171 622 2231 sed
645 2170 696 2228 diu
726 2191 786 2230 non
810 2171 901 2245 credi,
929 2171 980 2229 sed
1003 2171 1095 2229 obici:

81 2265 115 2318 tu
145 2263 208 2337 ipse
242 2261 411 2336 postulasti.
436 2262 437 2265 ’
464 2261 503 2319 D.
526 2260 707 2338 intellegite,
736 2260 768 2318 P.
796 2258 836 2334 0,
865 2259 1039 2336 intelligite,
1071 2262 1096 2318 31

82 2351 168 2408 huius
192 2351 385 2425 postulationi
410 2349 564 2423 cesseritis,
588 2349 700 2424 peribit
721 2349 926 2408 conditionum
949 2349 1095 2422 discretio,

82 2437 192 2514 peribit
220 2439 294 2514 legis
324 2439 505 2512 observatio,
535 2438 644 2513 peribit
674 2436 804 2496 libertas.
852 2439 885 2496 P.
909 2457 968 2494 non
997 2438 1095 2495 minus

42 2548 68 2588 13
84 2527 196 2601 adeste,
225 2526 347 2586 iudices.
381 2527 406 2584 si
441 2527 519 2584 enim
552 2527 639 2586 huius
671 2528 863 2602 protervitati
897 2525 1095 2599 acquiescitiS,

83 2618 215 2674 vertetur
243 2616 275 2672 in
298 2617 480 2674 exactionem
507 2617 675 2690 permissio,
704 2617 737 2672 in
760 2615 1002 2690 depravationem
1018 2615 1095 2690 legis

83 2704 305 2777 determinatio,
334 2706 366 2760 in
393 2705 561 2780 neglectum
583 2706 775 2780 paternitatis
797 2703 963 2777 veneratio,
991 2704 1034 2777 31,
1062 2705 1096 2760 ut

82 2794 239 2853 tormentis
269 2793 353 2851 salva
375 2793 416 2850 sit
443 2792 573 2867 iustitia,
603 2793 670 2868 plus
699 2795 757 2866 331,
786 2791 822 2850 de
852 2811 911 2867 quo
935 2791 1096 2866 quaeritur,

84 2902 174 2958 quam
193 2881 339 2957 quomodo
359 2881 560 2956 quaerendum
577 2883 629 2940 est.
670 2883 732 2939 iam
752 2881 874 2939 tandem
891 2879 1096 2940 infirmitatem

43 2993 70 3032 33
84 2990 180 3029 meam
209 2970 293 3029 vobis
317 2970 422 3046 allego.
467 2970 492 3028 31
519 2986 622 3028 vocem
643 2971 676 3027 in
702 2970 794 3028 eculei
816 2971 936 3047 ignibus
960 2972 1096 3045 amisero,

83 3063 184 3118 tamen
198 3059 277 3118 vidia·
306 3060 331 3118 si
345 3059 476 3133 undique
491 3058 631 3121 collectus
645 3058 729 3117 dolor
743 3058 892 3131 occiderit,
911 3061 1009 3117 tamen
1024 3059 1094 3117 vidi.

156 3323 275 3384 oquae:
295 3318 362 3386 quia
381 3327 408 3372 n
506 3333 562 3370 non
584 3325 629 3370 VB
731 3317 871 3371 8deeinit
889 3326 928 3384 ης
949 3320 993 3372 -31
1016 3327 1061 3370 VB

88 3393 121 3440 17
141 3404 193 3456 ego
211 3403 276 3441 vero
296 3395 373 3453 nm
425 3393 459 3441 ab
479 3388 561 3441 adest
581 3397 626 3441 VB
677 3393 712 3441 26
731 3388 933 3443 actionemVB
985 3394 1018 3443 27
1035 3396 1097 3471 poet

85 3458 288 3513 determinatio
302 3461 367 3515 odit
383 3470 423 3514 ιι
431 3459 648 3514 inservitutem
659 3459 786 3514 libertas
818 3458 915 3513 Dives·
933 3474 990 3514 non
1003 3460 1096 3513 minue

86 3530 184 3584 adeste
202 3529 329 3584 iudices
334 3531 370 3584 31
379 3531 460 3584 enim
472 3531 566 3584 huius·—
564 3531 747 3601 protervitati
760 3530 964 3634 acquiescetis,
968 3533 1097 3633 vertetur

85 3603 117 3655 in
135 3600 302 3671 neglectum
305 3609 400 3658 331...
404 3607 465 3666 ao
483 3616 579 3664 vocem
596 3618 689 3657 meam
705 3611 800 3665 m,-
993 3632 1001 3647 x
1096 3630 1098 3634 ·

140 3701 256 3752 1131331111
246 3711 301 3741 mu
312 3708 517 3744 nummatum
531 3700 568 3744 ed
579 3700 722 3745 1131111311.
