2430 3952
113 212 177 276 398
428 209 619 264 EXOERPTA
636 209 815 264 PARISINA.

113 398 167 438 nee
190 382 307 437 0000100
335 379 371 438 ab
395 380 466 440 0110.
518 381 551 437 P.
575 379 723 439 invidiosa
751 379 845 455 igitur
875 381 927 438 est.
976 381 1134 440 aiuniori
1181 438 1183 445 .

112 472 217 544 itaque
247 468 393 528 0000001001
423 488 482 527 non
511 470 617 544 potest.
664 487 718 543 pro
746 488 780 527 eo
811 487 883 526 aevo
914 468 1045 527 eundum
1076 475 1134 530 est.

113 560 158 616 M.
183 556 249 616 vide
280 576 369 632 quam
397 576 456 615 nou
487 560 639 617 amaverit.
681 575 819 634 praesens
850 576 904 633 000
932 557 1055 616 absente
1079 579 1134 618 ne-

114 649 210 724 glecta
240 664 313 704 sum.
363 647 498 706 omnibus
529 666 598 704 eum
626 645 780 721 praetulit.
828 647 860 704 P.
889 665 948 704 non
977 647 1038 705 fuit
1069 667 1133 707 non
1196 710 1199 715 ,

113 754 222 808 amare,
244 754 304 793 non
323 737 479 811 praeferre.
520 755 580 794 non
598 735 630 793 id
653 737 747 812 egerit
770 737 800 793 et
817 737 1003 811 praesentem
1027 737 1133 795 0101)-
1162 760 1175 800 0

113 828 226 883 sentem
245 826 354 882 amisit.
387 827 431 882 M.
447 822 540 899 quid?
559 824 638 899 quod
652 843 705 902 ego
719 823 870 901 rogabam,
888 824 940 882 ille
959 823 1135 886 scribebat?

112 915 145 971 P.
173 914 256 971 nullo
286 913 373 971 modo
406 913 501 990 magis
534 914 709 988 exprimitur
740 913 862 972 affectus
895 932 985 988 quam
1014 913 1132 974 littera.

112 1003 193 1072 visus
217 1021 306 1076 quam
334 1001 453 1062 auditus
481 1002 571 1060 altius
597 1002 750 1077 imprimit.
795 1004 862 1077 ipsa
889 1002 1014 1061 videtur.
1061 1006 1134 1079 ipsa

112 1093 263 1168 relegitur.
305 1092 349 1148 M.
373 1091 446 1149 10000
473 1093 573 1149 emnia
600 1093 761 1168 praetereo.
808 1090 846 1149 ad
872 1091 904 1149 id
930 1091 1016 1149 venie
1048 1093 1133 1167 quod

112 1182 208 1238 mater
237 1179 342 1238 relicta
371 1182 423 1238 est.
464 1181 497 1254 P.
522 1179 596 1238 adde
618 1199 672 1255 pro
700 1183 799 1255 patre,
827 1181 858 1237 et
884 1179 960 1237 011011
983 1179 1132 1240 delictum
1148 1205 1173 1244 00

108 1267 166 1328 001.
207 1271 252 1326 M.
277 1266 370 1343 quid?
397 1287 494 1328 nonne
518 1287 572 1346 ego
595 1271 690 1345 magis
714 1266 847 1327 00010111
874 1288 970 1327 00000
994 1271 1133 1329 animam

111 1355 200 1415 dedi?
231 1377 337 1416 novem
366 1356 515 1416 mensibus
545 1355 627 1416 fovi?
675 1358 708 1415 P.
739 1359 824 1432 atqui
853 1378 908 1434 ego
938 1358 1040 1435 genui,
1071 1359 1133 1418 tibi

112 1446 253 1506 commisi.
303 1466 401 1505 meum
428 1447 592 1505 reddidisti.
637 1448 683 1504 M.
711 1447 809 1505 noluit
836 1447 911 1505 mihi
937 1447 1038 1505 000100
1060 1466 1132 1508 ser·

112 1554 190 1594 vare.
243 1536 276 1593 P.
300 1536 386 1611 atqui
419 1534 516 1595 voluit
549 1535 641 1594 000110
676 1536 819 1594 aeriorem
847 1535 977 1594 reddere.
1031 1538 1077 1594 M.
1104 1540 1132 1596 si

113 1624 241 1683 eundum
260 1626 333 1698 0001,
356 1643 408 1682 000
425 1644 486 1683 non
503 1624 585 1700 prius
604 1622 680 1682 ivit?
725 1625 758 1681 P.
778 1626 849 1700 quia
867 1625 1032 1700 detinuisti,
1056 1629 1132 1701 quia
1147 1649 1172 1689 00

112 1713 210 1772 loeum
232 1714 398 1791 ignorabat.
443 1715 488 1771 M
508 1732 560 1771 000
581 1713 783 1789 redemptione
803 1732 862 1771 non
886 1714 956 1790 egit,
979 1717 1013 1771 ut
1038 1714 1132 1775 ambo

112 1800 289 1862 rediissent?
329 1804 362 1861 P.
386 1802 443 1861 tibi
466 1821 585 1861 eensum
608 1801 730 1877 dimisit,
754 1821 784 1861 se
807 1804 907 1878 ipsum
929 1804 1038 1878 posuit.
1081 1805 1131 1866 Μ.

112 1892 207 1969 magis
230 1893 294 1966 ipse
316 1910 371 1967 pro
394 1893 423 1949 10
447 1910 537 1967 quam
559 1911 613 1966 pro
632 1911 678 1948 me
701 1909 806 1967 passus
830 1894 883 1950 est.
923 1892 956 1949 P.
980 1892 1133 1967 quidquid

111 1982 143 2038 in
162 2001 209 2037 me
228 1982 298 2057 egit,
317 2000 371 2054 pro
389 1982 419 2037 te
437 1981 516 2038 feeit.
553 1999 649 2038 nonne
667 1983 764 2038 maius
783 1982 859 2038 mori
883 1999 972 2054 quam
990 1981 1132 2040 enecari?

112 2071 156 2126 M
180 2070 280 2127 vivam
309 2087 369 2126 non
399 2069 581 2141 consolatur,
616 2071 749 2126 mortuus
784 2088 844 2127 000
873 2071 1042 2143 recipietur.
1094 2073 1131 2130 P.
1146 2094 1171 2133 se

77 2148 79 2155 ’
112 2158 205 2215 010110
229 2159 273 2215 001
297 2175 366 2214 eura
395 2176 470 2230 quae
498 2176 550 2232 spe
574 2159 662 2215 00001,
708 2177 762 2236 ego
786 2158 892 2216 redimi
914 2160 1063 2232 poteram,
1093 2163 1131 2219 tu

107 2247 212 2325 'sanari
234 2264 293 2303 nou
315 2248 443 2320 poteras.
485 2248 530 2304 M.
554 2264 707 2304 commune
735 2247 925 2322 opprobrium
949 2249 1026 2305 erat:
1052 2249 1132 2309 10000

111 2336 219 2393 misere
242 2354 294 2393 000
321 2336 465 2393 maritum
487 2334 578 2393 habet
604 2353 657 2393 000
680 2335 783 2393 filium.
825 2337 858 2394 P.
881 2336 1043 2394 00001010
1067 2342 1131 2398 est:

111 2425 159 2482 hie
182 2426 272 2482 miser
289 2443 342 2482 000
361 2426 478 2499 patrem
496 2424 586 2482 habet
604 2443 656 2483 000
675 2428 808 2499 matrem,
832 2425 881 2483 vel
899 2425 924 2483 si
942 2425 1040 2500 habet
1065 2446 1131 2502 quo

110 2510 212 2572 100101
252 2516 338 2588 00100
360 2515 468 2587 vitam,
490 2515 586 2572 mater
609 2514 707 2572 aufert
735 2515 926 2588 sepulturam.
967 2516 1012 2572 M.
1037 2517 1130 2576 intel·
1145 2539 1170 2579 00

111 2604 245 2661 texerunt
262 2603 387 2677 piratae.
427 2603 623 2678 proiecerunt.
660 2604 757 2660 noluit
780 2622 847 2660 eum
864 2604 961 2677 tellus,
980 2622 1040 2662 non
1059 2607 1132 2666 vult

112 2712 178 2751 eum
201 2711 290 2750 mare.
331 2692 364 2749 P.
393 2691 565 2767 sepelissent
593 2694 683 2766 certe,
712 2692 764 2750 sed
790 2693 977 2750 100ωο011010
1005 2694 1130 2755 00010010

111 2781 164 2838 diu
191 2781 345 2838 fluctuant.
386 2780 474 2839 tellus
503 2780 640 2855 optabat,
670 2780 720 2839 sed
750 2800 832 2838 mare
859 2781 915 2838 tibi
944 2782 1130 2844 reservabat.

112 2870 183 2944 quid
207 2868 342 2927 dicetur?
384 2869 493 2928 obtulit
517 2888 598 2927 mare
621 2871 724 2943 000101,
751 2872 847 2927 mater
869 2869 953 2927 mari.
994 2871 1040 2928 M
1064 2891 1130 2931 nen

16 2956 22 2969 '
112 2976 239 3035 agnosco
258 2957 360 3016 filium.
401 2960 434 3017 P.
453 2960 544 3017 immo
563 2978 622 3016 non
646 2977 700 3036 ego
719 2977 848 3017 uxorem.
890 2961 935 3016 M.
954 2978 1012 3017 non
1038 2961 1130 3021 credo
1145 2985 1170 3024 se

111 3067 218 3120 meum,
242 3049 389 3122 quianon
408 3048 501 3105 doleo.
541 3049 575 3106 P.
594 3046 687 3124 erede,
706 3051 736 3105 et
755 3047 875 3107 dolebis.
916 3048 941 3107 si
959 3048 1014 3106 hoe
1034 3049 1131 3112 habet

112 3136 251 3209 caesitas,
275 3137 309 3193 ut
332 3155 391 3194 non
414 3136 526 3210 doleat,
557 3155 610 3213 ego
639 3154 743 3195 000000
765 3136 842 3194 fiam.
889 3155 941 3211 an,
969 3137 1131 3211 quianon
1156 3136 1161 3144 '

112 3225 232 3298 amasti,
260 3244 318 3282 non
348 3223 450 3283 deles?
490 3228 535 3284 M.
558 3226 616 3284 nisi
644 3244 801 3300 amassem,
830 3244 889 3283 000
920 3225 1130 3290 detinuissem.

107 3402 109 3407 >
184 3376 346 3430 romnibus
366 3376 492 3430 sensibus
512 3386 590 3430 ΒΥΒ
665 3376 808 3431 60010101
829 3387 851 3429 Υ
924 3377 1087 3432 7111100000
1111 3391 1135 3434 Υ

112 3446 286 3516 9001000100
304 3457 349 3499 ΥΒ
438 3454 470 3500 13
489 3446 608 3501 reddisti
626 3457 671 3500 ΥΒ
775 3464 914 3502 reservare
929 3458 969 3516 113
987 3454 1130 3508 reservari

117 3527 162 3570 ΥΒ
243 3524 275 3571 18
298 3518 361 3587 ipsa
388 3529 433 3571 ΥΒ
517 3535 601 3587 quam
626 3520 687 3588 ipse
705 3535 755 3588 pro
773 3536 817 3573 me
845 3529 890 3572 ΥΒ
975 3525 1007 3573 19
1032 3524 1129 3594 magis

117 3599 163 3641 ΥΒ
233 3595 267 3642 00
286 3589 345 3643 feto
366 3600 393 3644 Β
