2416 3938
95 171 160 235 114
420 169 594 224 CORPORIS
612 168 780 224 PROIEOTI

94 359 149 416 ego
172 338 349 414 pendentem
376 338 514 398 fluefibus
541 357 687 397 oaroerem
715 340 745 401 et
771 341 892 398 eatenus
917 339 1015 399 maoie
1039 357 1104 399 mea

93 430 210 487 laxatas
233 431 263 487 et
286 427 426 486 detritam
443 428 586 487 lateribus
604 428 678 487 meis
699 428 846 486 oonsoiam
864 427 1014 488 mulorum
1031 428 1104 489 ouri·

93 535 164 575 nam
187 519 217 574 et
239 516 376 576 obrutam
399 516 576 593 perennibus
598 516 728 575 tenebris
750 516 853 576 feralis
874 516 934 576 looi
951 520 1104 577 maenum

94 603 289 666 caecitatem?
332 607 393 665 ista
419 626 504 680 vero,
536 607 562 664 si
589 605 661 680 quid
686 605 808 681 pudoris
839 605 947 680 habeo,
979 605 1105 667 mendo

94 697 171 754 sunt.
209 695 353 770 alioquin,
377 695 443 770 quis
466 695 540 752 mihi
557 696 701 772 ignoscet,
725 693 805 769 quod
821 695 966 754 doarium
984 693 1135 772 aooepile

94 786 185 842 etiam
208 785 359 860 scripsisse
381 784 524 859 paenitet.
570 784 730 843 olitterae
752 784 870 843 fletibus
891 784 1052 844 tremulae!
1088 802 1104 844 o

92 892 200 948 parum
223 873 366 950 alligatae
389 873 507 932 manus!
545 891 562 931 o
581 872 708 932 dolenda
725 873 825 932 uxoris
848 871 941 932 oeulis
964 873 1104 949 epistola!

94 981 146 1021 our
167 961 313 1036 indicavi,
339 980 390 1020 eur
413 963 518 1038 scripsi
541 961 621 1036 quod
643 980 718 1021 uxor
741 980 776 1020 ao
797 960 877 1020 filius
899 961 1044 1021 ultimum
1064 962 1104 1021 le-

94 1049 219 1128 gerent?
262 1053 299 1108 ut
325 1051 471 1109 incertum
499 1052 538 1110 sit
565 1052 666 1109 utrum
691 1069 739 1108 me
766 1051 863 1109 oarius
889 1049 1041 1110 redimant
1066 1070 1104 1111 au

93 1140 225 1216 lugeant.
271 1141 391 1216 cognita
414 1139 497 1198 clade
519 1139 665 1199 rarissimi
686 1158 759 1197 uxor
782 1139 909 1214 exempli
931 1143 964 1199 et
984 1158 1134 1217 prorsusne

93 1229 164 1286 talis
186 1227 243 1286 filii
260 1230 355 1287 meter
377 1231 458 1288 totos
477 1228 589 1288 efflavit
607 1228 718 1301 oeulos,
740 1229 912 1304 fontemque
928 1228 1019 1288 illum
1039 1248 1104 1307 per-

94 1317 214 1375 ennium
245 1317 435 1376 lacrimarum
470 1319 589 1376 tantum
621 1318 748 1376 nasutas
777 1318 874 1376 allisit.
920 1317 947 1376 si
974 1337 1037 1377 uon
1061 1321 1103 1378 te·

93 1407 215 1480 nuisset,
233 1405 327 1465 filium
344 1408 465 1466 uicerat.
498 1406 656 1466 eontinuus
674 1406 743 1464 inde
760 1406 908 1482 planatus,
923 1404 1104 1467 incredibilis

93 1495 253 1573 maestitia,
276 1494 397 1555 assidua
419 1496 595 1554 lamentatio
617 1496 683 1554 fuit
722 1497 859 1554 iuvenem
880 1495 980 1555 neseio
1003 1498 1038 1555 in
1058 1513 1103 1556 me

92 1586 189 1662 magis
213 1602 251 1642 an
273 1585 305 1642 in
327 1587 358 1643 te
381 1584 512 1642 futurum
535 1584 669 1661 impium,
692 1583 718 1642 si
735 1602 796 1643 non
812 1584 995 1659 redemisset,
1019 1602 1134 1662 quomis

92 1677 127 1732 tu
145 1674 187 1733 sio
204 1672 402 1733 desiderabas.
440 1692 509 1751 ergo
523 1674 736 1749 profectionem
749 1675 885 1749 apparat,
901 1676 946 1747 ut,
964 1675 1103 1750 quoniam

93 1761 215 1822 reddere
242 1764 333 1821 matri
359 1782 418 1821 non
446 1764 565 1838 poterat
593 1763 706 1835 oeulos,
732 1761 869 1820 redderet
889 1763 991 1821 vinum
1013 1764 1102 1823 otidis
1142 1828 1144 1845 Ι

94 1852 245 1911 cariorem.
287 1849 338 1910 sed
360 1851 498 1927 videlieet
521 1853 567 1910 est
590 1851 736 1926 quaedam
757 1851 865 1909 ultima
887 1851 1102 1913 calamitatium
1142 1918 1144 1931 Ι

93 1939 199 2014 rabies,
223 1942 253 1998 et
270 1940 430 1999 novissime
451 1941 485 1998 in
507 1940 637 1998 furorem
654 1941 726 1999 vota
747 1941 814 2015 ipsa
831 1942 999 2000 vertunum.
1036 1941 1102 2002 reti·

94 2029 161 2086 nuit
183 2029 320 2087 iuvenem
347 2031 378 2086 et
400 2029 534 2104 epistolis
556 2029 629 2088 meis
656 2029 753 2106 legem
776 2028 922 2105 opposuit.
970 2049 989 2089 o
1012 2046 1131 2091 vanae!

93 2116 286 2194 figurationes
302 2119 331 2175 et
344 2121 465 2193 peotera
483 2118 637 2177 hominum
655 2117 717 2176 alto
737 2137 834 2178 errore
853 2118 990 2177 consuisol
1021 2136 1101 2179 namo

93 2206 178 2264 illam
205 2224 264 2265 nou
292 2206 419 2282 putabat
446 2208 551 2265 timere
579 2207 614 2265 de
642 2205 711 2265 filio.
757 2205 859 2282 itaquo
886 2208 1005 2268 iuvenis
1028 2206 1102 2285 quod

94 2295 133 2352 ad
155 2295 298 2353 solarium
320 2297 468 2370 pertinere
487 2295 621 2370 eredidit,
645 2295 863 2354 commendavit
885 2288 991 2356 amieis
1010 2299 1101 2358 cnu-

93 2384 175 2443 diam
193 2384 308 2459 matria,
331 2385 487 2443 substituit
505 2384 564 2443 viai
587 2403 674 2443 ourae
693 2402 764 2443 suae
782 2384 972 2461 propinquos.
1011 2402 1102 2463 neque

94 2476 173 2532 enirn
196 2474 285 2532 aliter
306 2491 401 2548 usque
424 2473 463 2533 ad
480 2473 607 2532 reditum
632 2493 731 2532 meum
749 2491 836 2532 oaeoa
853 2474 986 2533 vixisset
1024 2475 1131 2552 quio!

94 2562 166 2638 quid
187 2563 318 2622 humana
340 2562 418 2621 ratio
441 2563 534 2637 velet,
563 2563 696 2621 eontulit.
742 2562 768 2621 si
791 2562 938 2638 potuisset
960 2564 1102 2623 redimere

94 2652 194 2711 oeulos
225 2654 344 2726 matris,
377 2671 436 2726 qua
466 2652 579 2726 pietate
610 2651 682 2725 fuit,
713 2652 840 2711 mearios
869 2670 938 2711 suos
967 2652 1100 2714 dodisset

93 2740 157 2815 ipse
183 2740 332 2816 profectus
361 2743 405 2800 est
433 2741 495 2800 solo
525 2741 682 2799 comitatus
709 2740 822 2815 animo,
849 2757 903 2799 neo
928 2759 959 2800 se
986 2740 1103 2818 putavit

93 2829 137 2886 ire
161 2829 223 2887 sine
245 2831 356 2903 pretio,
385 2831 521 2905 quamvis
544 2829 583 2887 ad
608 2829 723 2904 piratas
750 2826 841 2888 ferret
866 2829 965 2889 inanis
991 2848 1101 2891 manus.

166 3049 290 3114 smair
362 3051 517 3107 ”ldelenda
534 3062 613 3105 mPo
682 3057 755 3106 9ao
772 3060 806 3119 Β,
828 3068 897 3106 oer.
916 3058 942 3106 et
959 3070 981 3106 n
998 3062 1102 3138 supro

96 3125 129 3173 10
148 3122 177 3173 et
195 3130 424 3191 om.11,supr.u
479 3129 510 3176 11
532 3122 622 3177 effluit
640 3132 677 3192 Μ,
697 3139 712 3177 e
730 3140 850 3192 supa-n
905 3126 1102 3179 meorumue·

94 3199 146 3243 BV
223 3197 256 3245 lt
274 3192 433 3249 redimisset
454 3203 476 3246 V
553 3200 584 3247 16
603 3197 647 3248 ut:
667 3196 697 3248 et
718 3204 740 3247 V
817 3198 849 3247 18
869 3193 1102 3251 calamitatum·

90 3267 201 3331 praeter
218 3271 246 3315 Β
316 3269 349 3318 21
368 3281 470 3333 peoora
487 3275 525 3330 Β,
549 3268 687 3335 tsupm
759 3270 793 3319 24
812 3263 947 3319 sustinuit
964 3275 1006 3335 33
1023 3266 1103 3323 suali-

94 3332 150 3386 tuit
168 3342 200 3386 Μ
268 3334 335 3388 vici:
355 3336 401 3390 via
423 3347 453 3404 νς
475 3337 542 3391 hnio
563 3337 637 3405 Obr.;
663 3353 746 3392 curae
764 3338 849 3392 delere
871 3338 979 3393 mamb
994 3340 1053 3394 Ba

94 3405 353 3472 neque-vixisset
366 3424 415 3462 orn.
431 3419 464 3474 Ρ,
487 3411 519 3462 iu
540 3426 625 3479 murp.
642 3409 706 3463 odd.
720 3430 741 3470 n
812 3413 846 3462 25
868 3409 1015 3465 redditum
1036 3419 1057 3463 7

95 3479 129 3527 26
147 3475 333 3529 humanarum
350 3486 402 3530 BV
473 3479 622 3545 redimeret
645 3489 666 3531 V
742 3484 1103 3553 11ιιιοιοιιι.ι,ωμ.ι

94 3545 330 3612 romaneium
