2430 3952
129 159 190 223 ll8
451 158 626 213 CORPORIS
645 158 812 214 PROIEC'l'I

125 327 198 386 haec
220 329 320 386 omnia
342 346 402 386 non
425 328 552 404 gemitus
575 328 654 386 nllus
676 330 794 402 matris,
817 347 877 387 non
899 329 1053 401 lacrimae,
1077 347 1140 387 non

125 422 255 492 questus.
300 418 386 492 putes
415 415 572 493 adpulsum
595 416 634 474 ad
660 417 732 476 litus
756 416 887 492 aliquem
909 435 970 476 esse
996 417 1138 492 piratam

125 505 202 563 unde
229 505 307 564 hunc
334 505 382 563 illi
408 503 561 564 anianum?
605 505 631 564 si
657 507 738 564 mala
767 523 822 564 sua
849 505 916 565 ideo
945 523 1006 563 non
1036 508 1141 580 sentit,

126 593 196 669 quia
219 613 278 652 uon
301 594 395 668 videt,
418 597 448 653 et
470 595 525 654 hoc
547 594 619 653 boni
642 597 768 654 oaemtas
790 594 895 671 habet,
918 597 1003 653 eruat
1026 595 1139 671 aliquis

125 683 225 742 oculos
247 700 336 742 meos.
374 685 400 743 si
422 684 561 742 tenebrae
583 685 714 759 corporis
738 683 903 743 adfectibus
926 703 986 742 non
1006 683 1139 759 obstant,
1166 705 1178 746 s

125 776 208 831 estne
229 772 303 832 haec
325 791 399 831 uxor
420 770 507 830 mea?
531 775 613 831 estne
635 773 687 831 ille
709 772 788 831 filius
811 769 935 831 noster?
970 773 1060 831 liceat
1083 773 1138 831 du-

124 860 234 936 bitare,
261 861 287 920 si
309 860 374 920 fieri
395 863 509 937 potest,
536 863 567 919 et
589 880 659 919 sane
682 862 732 919 vix
754 863 816 920 iam
838 861 1048 920 dinoscendam
1071 880 1138 936 spe-

125 949 198 1009 ciem
231 951 364 1009 vetustas
399 949 535 1025 reliquit,
571 949 622 1008 sed
653 950 781 1010 adtritae
817 968 922 1008 manus
959 952 990 1008 et
1020 951 1139 1010 tumida

124 1040 252 1115 vestigia
279 1039 465 1097 vinculorum
494 1040 525 1096 et
551 1036 637 1097 testis
664 1039 771 1116 longae
799 1039 985 1113 captivitatis
1016 1041 1137 1114 macies,

123 1128 255 1186 infelicia
269 1129 454 1204 argumenta,
468 1128 663 1186 consentiunt.
691 1129 832 1187 miserum
845 1128 905 1186 me!
924 1130 1022 1186 certus
1035 1129 1137 1188 luctus
1151 1150 1177 1190 io

124 1219 176 1274 est.
222 1215 316 1274 filium
340 1235 476 1293 agnosce,
500 1235 621 1275 uxorem
643 1236 703 1276 non
726 1235 862 1295 agnosco.

189 1305 270 1382 Ergo
293 1306 434 1380 quoniam
456 1305 492 1364 de
514 1305 578 1365 iure
601 1307 718 1383 longior
740 1325 842 1384 pugna
865 1307 918 1380 ost,
941 1305 1027 1365 nobis
1050 1306 1136 1365 festi·

123 1393 254 1453 nandum
277 1397 334 1452 est:
361 1396 422 1454 sint
443 1396 557 1469 primae
579 1414 699 1472 precum
724 1398 833 1471 partes,
878 1394 979 1452 adeste
1001 1393 1137 1454 universi

123 1485 278 1560 utriusque
306 1501 389 1543 sexus
417 1487 568 1560 parentes,
599 1483 670 1542 dum
696 1486 824 1542 matrem
850 1485 883 1542 in
910 1485 1048 1558 exequias
1078 1483 1137 1542 filii

122 1590 203 1650 rogo.
248 1591 301 1648 por
322 1573 544 1632 matrimonium
571 1576 601 1632 te
624 1576 710 1632 vetus
733 1575 764 1631 et
786 1593 840 1650 per
861 1575 997 1631 mutuam
1025 1572 1134 1631 carita-
1152 1594 1177 1634 is

122 1663 184 1720 tem
202 1681 278 1738 quae
297 1663 416 1738 utrique
435 1664 570 1722 nostrum
587 1681 696 1738 magno
715 1665 841 1736 constat,
860 1660 964 1735 adiciO,
984 1680 1037 1737 por
1056 1679 1136 1720 com-

122 1770 211 1809 mune
237 1752 359 1828 pignus,
385 1771 439 1827 per
465 1770 557 1810 annos
585 1753 698 1828 pariter
725 1753 820 1824 actos,
852 1753 883 1809 et
909 1748 1051 1809 beneficio
1079 1750 1137 1808 filii

122 1840 235 1914 plures,
267 1859 320 1915 per
346 1859 445 1899 meum
472 1839 503 1897 in
532 1843 562 1898 tc
593 1838 780 1915 obsequium,
812 1842 873 1897 iam
904 1840 964 1897 mei
995 1840 1136 1898 miserere

122 1930 205 1986 onius
233 1929 316 1986 soles.
363 1929 447 1987 crede
475 1927 561 2001 mihi,
588 1929 644 1986 hoc
667 1927 746 2003 qnod
769 1929 878 2004 patior,
906 1946 1022 1986 carcere
1050 1929 1136 2003 peius

123 2018 176 2090 est,
200 2017 375 2091 captivitate
399 2016 555 2075 crudelius.
596 2035 663 2075 mea
686 2017 745 2074 ista
767 2035 864 2092 poena
887 2020 939 2076 est.
981 2017 1053 2092 quid
1076 2017 1177 2078 tibias

121 2106 240 2163 tautum
257 2105 331 2162 mali
349 2103 427 2164 feci?
463 2105 535 2181 qnid
553 2103 682 2164 offendi?
717 2107 796 2165 certo
815 2125 870 2183 ego
889 2109 919 2164 te
938 2125 997 2165 non
1016 2106 1134 2181 reliqui.

87 2193 105 2246 9
190 2193 256 2251 Iam
282 2195 308 2252 si
332 2197 429 2253 totum
457 2194 604 2252 adfectum
631 2195 664 2252 in
690 2195 769 2252 hunc
796 2196 1004 2269 consumpsisti
1027 2193 1136 2269 virum,

122 2284 153 2342 et
170 2283 265 2341 omnis
283 2302 336 2359 per
355 2283 454 2342 oculos
472 2282 675 2342 misericordia
693 2283 817 2357 effluxit,
839 2285 944 2341 tulerit
962 2302 1033 2342 sano
1054 2283 1135 2342 filius

121 2373 222 2431 noster
243 2373 350 2431 merito
373 2390 492 2447 poenas,
516 2371 630 2431 dederit
653 2373 791 2447 spiritum
810 2371 964 2448 supplicio.
1002 2374 1079 2430 nihil
1097 2373 1135 2432 de

121 2462 290 2538 praeteritis
308 2462 478 2536 loquamur,
499 2455 593 2540 [quod
611 2462 777 2537 postulavit
791 2459 893 2521 Cicero
913 2462 1004 2519 ctiam
1023 2461 1059 2519 ab
1079 2462 1134 2521 illo
1149 2482 1176 2523 as

193 2689 209 2737 4
227 2684 300 2739 vidit
317 2694 345 2738 Β
414 2684 493 2738 eruet
514 2693 536 2735 V
603 2689 618 2736 5
639 2683 676 2737 si:
697 2684 745 2737 sed
765 2695 829 2748 pom
901 2690 917 2737 8
937 2684 1071 2738 adtritae:
1092 2687 1135 2738 at

121 2755 221 2811 tricies
239 2766 272 2809 Μ
350 2762 383 2810 12
402 2771 468 2825 ergo
486 2772 545 2824 erp.
560 2771 633 2808 mon.
648 2759 666 2809 3
684 2755 784 2810 codicis
802 2765 830 2808 Ρ
909 2761 941 2809 13
964 2759 1090 2824 precium
1110 2766 1137 2809 ι’

124 2832 155 2881 16
180 2826 256 2881 adici
274 2839 314 2880 co
385 2832 417 2880 18
441 2825 606 2895 opsequium
624 2835 652 2879 Β
721 2826 852 2879 miserere
874 2826 931 2879 mei
954 2827 1032 2879 cuius
1052 2834 1085 2878 Μ

123 2904 156 2953 19
176 2897 260 2952 soles:
276 2898 362 2952 solius
372 2908 431 2952 ΒΜ
442 2899 484 2967 (io
497 2914 582 2967 marc.
597 2897 642 2950 vel
656 2897 734 2951 cuius
749 2897 821 2952 soles
836 2899 912 2965 quod
925 2896 1025 2950 melius
1040 2900 1083 2950 est
1092 2900 1133 2962 m)

123 2975 155 3022 21
175 2969 297 3040 relinqui
314 2978 342 3022 Β
413 2976 446 3023 22
466 2968 679 3037 consumpsisti:
693 2969 857 3051 'consumpti
875 2977 913 3035 Β,
938 2969 1097 3037 consumpsi
1116 2979 1134 3021 ι

122 3081 157 3130 24
176 3076 319 3140 dederas
392 3076 508 3146 suplisio
522 3085 561 3142 n;
580 3058 707 3144 suppra
727 3083 759 3127 n
819 3074 903 3128 ninia
925 3093 944 3128 n
962 3085 997 3142 n,
1016 3074 1096 3127 icen
1116 3086 1135 3126 a

121 3148 153 3201 io
171 3165 225 3202 rao.
317 3154 350 3202 25
361 3165 416 3217 sqq.
435 3148 517 3203 cerba
539 3148 646 3202 inclusa
669 3163 703 3200 ex
721 3146 775 3200 Cic.
792 3147 865 3199 Verr.
881 3150 1060 3211 5,117-119
1079 3163 1134 3200 esse

122 3218 281 3288 deprompto
301 3219 359 3273 iam
376 3220 484 3274 monuit
500 3218 574 3284 Sela,
592 3219 627 3285 cf.
642 3218 720 3272 Deos.
731 3234 761 3286 p.
773 3221 818 3283 84,
837 3217 875 3269 H.
891 3218 987 3284 philol.
1003 3218 1132 3272 Wocbeu-

121 3291 200 3356 sehr,
218 3307 302 3358 oeque
320 3291 447 3345 credebile
465 3290 671 3345 declamationis
687 3289 843 3357 scribtorem
861 3289 951 3355 ipsum
970 3294 1026 3342 tom
1044 3290 1133 3356 inepte

123 3361 261 3416 Ciceronir
282 3361 370 3416 verbio
392 3379 474 3416 osum
496 3377 563 3428 esee,
585 3361 632 3416 sed
649 3360 731 3414 etiam
748 3360 830 3414 cabo
848 3360 879 3410 tn
897 3359 1133 3441 vende—habeo

122 3485 222 3522 manns
236 3486 266 3538 p.
282 3472 344 3534 119,
354 3471 426 3522 5-7
444 3485 512 3522 oum
529 3468 587 3523 siret
603 3467 734 3538 pecuina,
753 3466 855 3534 aliquis
873 3463 977 3519 dubitet
1036 3471 1068 3519 25
1089 3450 1133 3533 cd-

120 3556 185 3595 cero
207 3550 229 3593 V
297 3539 382 3594 etiam
400 3556 451 3594 om.
467 3551 487 3591 o
