2430 3952
129 196 195 262 286
516 195 591 251 ODII
608 195 716 251 ΡΟΤΙΟ
734 195 761 250 Π

128 368 250 425 tionem.
297 385 331 425 ex
358 370 484 441 utraque
511 366 632 425 fortuna
659 363 806 425 desideria
835 365 1011 425 coalescunt.
1060 366 1151 428 nobis

130 453 216 514 crede
239 457 292 531 qui
314 454 455 530 vidimus,
483 454 549 531 quis
576 454 634 514 tibi
657 458 729 513 tunc
758 454 817 512 fuit
844 454 975 530 corporis
1002 454 1150 517 babitus?

131 545 196 620 quis
224 542 342 620 pallor?
373 563 463 619 quam
489 542 681 618 miserabilis,
708 563 799 618 quam
828 542 968 619 pudenda
996 543 1150 605 tristitia?

130 633 266 710 quotiens
289 637 323 691 tu
346 651 491 692 venenum
513 631 612 691 bibere
635 629 778 691 voluisti?

195 722 263 781 Non
287 726 332 781 est
354 723 456 799 igitur,
483 720 612 795 iuvenis,
641 720 721 797 quod
743 719 801 779 tibi
824 721 956 796 queraris
979 721 1068 780 illam
1089 725 1149 782 mi-
1176 744 1188 785 s

129 812 276 871 tissimam
297 814 414 887 partem
436 811 583 869 humanae
604 810 712 869 mentis
730 809 875 869 ablatam:
898 828 959 869 non
977 813 1150 888 caritatem,

130 900 180 962 sed
198 900 417 976 inpatientiam,
439 918 499 958 non
518 899 711 976 voluptatem,
734 898 785 958 sed
802 901 962 974 tormenta,
984 918 1045 959 non
1063 919 1149 962 amo·

128 1009 200 1065 rem,
223 988 275 1048 sed
298 988 376 1065 quod
400 1006 561 1063 amaveras,
583 987 747 1063 perdidisti.
789 990 908 1063 amoris,
931 989 956 1048 si
979 989 1151 1065 sapientiae

129 1096 289 1155 sequamur
316 1079 462 1152 auctores,
491 1078 731 1153 antiquissimum
757 1095 867 1136 numen
899 1080 930 1136 et
957 1078 1005 1136 cui
1033 1095 1065 1137 se
1092 1098 1151 1138 na-

129 1172 215 1227 turae
243 1166 330 1225 debet
358 1166 526 1226 aeternitas.
572 1165 624 1225 sed
650 1165 701 1225 ille
728 1165 811 1226 mitis
836 1168 868 1224 et
889 1168 983 1225 serius
1010 1167 1150 1228 honestis
1163 1187 1189 1228 rc

130 1255 343 1332 cupiditatibus
371 1259 401 1314 et
423 1254 535 1314 visibus
563 1273 664 1314 sacrae
692 1255 825 1315 caritatis
853 1256 1002 1330 exultans,
1029 1259 1065 1314 ut
1093 1258 1151 1333 qui

130 1346 236 1406 cuncta
262 1345 377 1421 priscae
410 1345 504 1403 noctis
533 1346 636 1422 operta
668 1345 795 1422 caligine
825 1344 974 1403 diduxerit
1004 1347 1150 1422 primum,

130 1433 235 1494 deinde
258 1435 419 1493 miscuerit.
456 1433 504 1492 hic
527 1451 597 1492 vero
621 1451 679 1509 quo
702 1432 827 1510 perditis
850 1432 1011 1493 visceribus
1035 1433 1149 1495 adhae-

129 1540 228 1584 remus
250 1519 386 1599 inquieti,
411 1521 593 1582 lascivientis
617 1522 712 1581 adhuc
736 1524 842 1581 aetatis
865 1524 1010 1582 instinctu
1031 1525 1149 1584 tumul·

128 1615 233 1672 tuosus
248 1630 283 1671 ac
300 1612 447 1689 petulans,
465 1612 533 1671 telis
551 1610 679 1670 funereis
698 1611 870 1686 facibusque
884 1615 1025 1672 armatus.
1058 1632 1148 1688 prae·
1162 1630 1188 1672 rs

130 1704 191 1762 stat
222 1701 315 1779 igitur
347 1701 398 1758 ille
430 1698 606 1759 mortalibus
638 1699 746 1759 liberos
777 1700 833 1759 hac
865 1701 978 1760 usitata
1011 1702 1149 1780 coniugii

129 1792 255 1868 pietate,
277 1790 326 1849 hic
348 1791 470 1864 incesta,
492 1788 638 1866 libidines,
663 1789 819 1864 adulteria,
841 1789 1017 1849 meretrices.

78 1878 113 1933 ll
196 1878 335 1938 Referam
354 1896 431 1936 nunc
449 1877 600 1938 fabulosas
618 1877 760 1937 inmodici
775 1878 884 1938 brrcris
897 1878 1147 1956 prodigiosasqne

130 1969 291 2042 novitates,
326 1968 500 2043 conseptum
530 1966 729 2026 nescientibus
761 1967 854 2028 oculis
886 1968 983 2046 ignoti
1014 1967 1148 2030 hominis

131 2059 292 2132 aspectum,
315 2056 441 2115 formam
464 2056 524 2115 suis
542 2058 574 2113 in
593 2073 623 2115 se
645 2054 808 2116 luminibus
827 2056 989 2131 ardentem,
1011 2057 1188 2136 virgineam

129 2147 249 2222 patrum
273 2146 422 2204 senectute
445 2144 616 2222 flagrantes,
639 2145 811 2205 mortalium
835 2147 1024 2220 ferarumque
1047 2149 1147 2208 coitus

130 2251 176 2364 ...-
203 2285 236 2333 14
259 2280 293 2345 cs.
313 2277 729 2362 flfflR.epist3aa,1qp.sas)
758 2280 941 2363 dumnessem
970 2278 1148 2365 adolescens,

120 2351 721 2477 'ffiteiappgfqgnprrrglrnetpnmos1mpetus
744 2350 915 2404 lascrvrentrs
935 2352 1037 2405 aetatis
1057 2367 1148 2407 eremr

130 2508 342 2516 ...---.———-

67 2617 69 2620 y
108 2542 116 2557 ⁸
201 2552 303 2604 2tunc
319 2546 395 2601 oca:
410 2546 460 2599 uni
474 2567 496 2598 ω
545 2528 723 2615 4quotie¹dB
770 2546 1063 2618 venenum-bibere(
1084 2549 1148 2618 ')v

130 2620 347 2675 8adamaveras
365 2627 404 2670 Vc
473 2617 515 2688 si}
532 2627 554 2670 V
629 2616 785 2686 patientiae
804 2633 905 2686 sequar
923 2626 951 2670 Β
1030 2621 1148 2674 tacto·

128 2709 172 2748 res
188 2701 215 2744 P
266 2689 390 2758 antiquis
410 2688 659 2757 antiquissimis!
730 2694 760 2743 11
782 2690 810 2742 et
829 2703 958 2754 sacraec
1030 2695 1063 2742 12
1079 2698 1148 2760 post

129 2763 219 2818 noctis
238 2761 301 2815 cdd.
321 2759 475 2815 visionibus
495 2769 527 2827 P,
546 2761 596 2814 dcl.
610 2777 683 2813 suun.
699 2764 716 2814 3
770 2760 917 2815 deduxerit
935 2774 969 2825 ac
1024 2765 1056 2814 13
1077 2761 1147 2817 dein

17 2892 19 2895 ,
134 2845 155 2887 v·
222 2833 297 2901 quod
315 2841 385 2885 m'o
473 2837 506 2883 14
530 2832 580 2884 aut
598 2832 635 2885 ad
653 2831 824 2885 lascivientis
842 2840 921 2900 ΒΜ
948 2831 984 2886 ad
1003 2831 1021 2885 l.
1040 2841 1074 2884 Μ

131 2905 203 2996 addc
220 2949 248 2993 Β
327 2939 492 2993 instinctum
514 2947 535 2990 V
610 2938 785 2992 tumultuosa
802 2947 872 2991 Bw
951 2944 983 2992 lc
1002 2937 1094 2993 stellis
1112 2950 1146 3009 1⁷3

129 3046 214 3101 tellus
233 3058 254 3098 c
322 3045 419 3098 fueriie
437 3053 497 3111 BV3
516 3025 632 3098 funciiis
647 3054 680 3099 Μ
692 3049 719 3114 (e
732 3063 806 3115 supr¹
821 3049 880 3116 m),
899 3046 1005 3099 funeris
1024 3059 1050 3112 e3
1070 3063 1144 3102 corr.

131 3133 147 3172 c
214 3133 267 3186 qne
286 3133 335 3172 orn.
351 3130 392 3170 ao
407 3117 481 3186 (add.
496 3119 537 3186 m)
611 3121 644 3170 16
662 3117 716 3171 hac
734 3117 853 3172 usitata:
877 3120 1043 3171 accusatura
1060 3126 1144 3186 Bw,

130 3206 164 3244 ec
181 3189 257 3242 ueita
275 3197 312 3254 al,
331 3205 398 3244 corr.
413 3207 445 3240 m
521 3187 735 3258 coniugium
812 3205 845 3242 ac
863 3189 997 3242 usitatam
1016 3189 1146 3260 coniugii

129 3261 265 3331 pietatem
283 3259 367 3314 Klotz
439 3264 471 3313 17
491 3258 651 3314 adbulteria
668 3270 689 3312 ι’
758 3266 791 3314 18
809 3277 895 3314 nunc:
915 3278 981 3313 num
1000 3268 1060 3327 BV,
1084 3277 1145 3316 non

87 3451 90 3455 .
131 3395 181 3439 ,Ισ
231 3384 333 3438 furosie
351 3330 515 3450 153¹de
533 3395 553 3437 v
603 3385 833 3456 inprodigiosque
846 3395 916 3439 Bw
968 3389 1003 3438 20
1021 3384 1145 3441 formam

130 3479 165 3524 ως
184 3469 284 3512 coras
351 3456 408 3508 suis
427 3472 477 3509 cor.
492 3466 516 3508 1
577 3456 707 3512 ardentes
726 3468 757 3512 ,1
815 3457 937 3528 virgines
956 3470 984 3509 s:
1003 3456 1144 3526 virginem

131 3537 198 3595 ης
221 3527 360 3597 virginum
378 3536 427 3594 ro,
450 3526 599 3596 virginius
692 3535 725 3583 21
749 3532 862 3599 patrum
881 3541 908 3583 c:
934 3530 1066 3597 patruum
1090 3541 1143 3597 aae53

127 3602 276 3670 partums
342 3598 521 3668 flagrantiss
588 3599 679 3655 coitus
698 3601 792 3657 fflctr:
812 3600 904 3655 vultus
923 3622 959 3667 a,
982 3599 1056 3653 setus
1077 3600 1144 3656 Obr.
