2430 3952
440 177 675 234 DECLAMATIO
693 179 732 234 IH
747 184 823 240 61-8.
1088 181 1130 245 47

109 345 270 425 imperat?
306 367 402 411 ,suum
432 349 556 424 quisque
585 348 695 407 habeat
724 349 850 408 fortasse
879 349 1036 415 iudicium:
1066 369 1133 416 mea

122 438 270 497 sententia
292 455 352 496 non
370 438 451 502 satis
465 435 590 513 pudicus
614 438 659 497 est
680 438 766 496 miles
789 439 841 513 qui
859 439 991 497 armatus
1014 440 1133 503 tantum

122 528 221 602 negat.
370 535 372 539 ’
649 544 651 549 “

188 614 253 674 Hoc
280 614 577 691 expositionisloco,
604 616 776 691 imperator,
801 616 880 674 malo
908 615 1165 682 accusatoribus?

95 704 233 766 scredas.
278 704 325 762 illi
347 706 507 764 narrarunt
529 722 592 761 rem
610 704 674 762 viro
698 706 728 762 et
750 703 883 764 Romano
907 707 938 763 et
959 704 1056 763 milite
1078 707 1132 764 tuo

123 792 251 870 dignam.
299 792 488 869 adprimum
511 792 614 858 stetim
637 791 779 851 obscenae
801 792 933 853 libidinis
959 811 1133 868 sermonem,

122 900 183 940 non
210 883 298 940 aliter
325 890 416 958 quam
441 883 468 941 si
494 881 527 940 in
553 882 669 940 hostem
692 882 847 941 classicum
874 883 1041 957 cecinisset,
1068 884 1132 961 gla-

112 971 205 1028 dium
227 971 314 1028 illurn
336 989 424 1046 quern
448 989 465 1028 a
487 973 518 1035 te
540 989 595 1047 pro
618 970 764 1046 pudicitia
786 973 955 1037 nostrarum
973 973 1133 1048 coniugum

122 1061 285 1135 acceperat,
304 1071 357 1135 p'er
374 1061 476 1134 pectus
499 1059 616 1118 infandi
634 1061 815 1136 corruptoris
827 1062 936 1138 ,exegit
955 1063 984 1119 et
1001 1062 1034 1119 in
1052 1062 1132 1121 latus

79 1170 107 1212 10
121 1149 203 1207 ultra
225 1149 337 1224 pedem.
374 1150 551 1225 tantumque
570 1167 629 1206 non
648 1149 784 1208 ardorem
803 1149 958 1224 luminum,
980 1151 1132 1209 horrorem

122 1237 313 1313 capillorum,
347 1237 499 1296 fremitum
527 1237 743 1314 indignationis
779 1240 847 1296 ante
877 1240 977 1299 oculos
1008 1239 1131 1298 dicendo

120 1328 293 1402 posuerunt.
331 1327 356 1385 si
374 1345 475 1388 omnes
494 1327 605 1385 milites
623 1327 700 1385 tales
718 1327 869 1401 habemus,
892 1327 978 1401 Mari,
997 1329 1131 1394 vicimus.

121 1415 246 1474 verebar
277 1415 429 1491 equidem,
460 1434 496 1472 ne
528 1415 653 1491 fugandi
687 1417 867 1491 corruptoris
899 1435 988 1475 causa
1020 1417 1132 1476 ferrum

123 1505 299 1578 strinxisset,
323 1507 410 1567 11-
425 1503 504 1580 quod
527 1504 659 1564 accidere
676 1505 795 1562 interim
815 1505 891 1565 solet
904 1537 948 1545 —
962 1505 1032 1562 dum
1056 1505 1132 1564 alter

78 1613 106 1656 15
121 1611 304 1652 recessurum
326 1594 427 1669 putat,
456 1593 533 1651 alter
555 1611 761 1668 percussurum
784 1612 843 1653 non
866 1596 966 1669 putat,
994 1596 1058 1652 tam
1080 1594 1131 1652 ho-

121 1684 240 1740 nestum
262 1701 335 1757 opus
359 1700 444 1742 casus
471 1682 597 1741 fecisset.
642 1683 851 1758 nequeenim,
878 1685 913 1741 ut
936 1682 1049 1759 opinor,
1076 1684 1132 1742 hoe

122 1790 239 1846 quoque
262 1771 438 1848 exigendum
460 1771 528 1845 fuit,
550 1773 585 1830 ut
608 1790 674 1829 cum
697 1790 800 1830 caecus
824 1773 955 1830 amentia
976 1774 1132 1847 corruptor

121 1878 174 1934 per
201 1861 325 1919 vulnera
351 1862 419 1936 ipsc
446 1862 546 1919 rueret
573 1860 611 1918 ad
638 1860 820 1936 praebendos
848 1861 1013 1937 amplexus
1045 1861 1131 1920 miles

122 1949 213 2008 etiam
234 1949 368 2026 gladium
390 1949 551 2008 reduceret.
588 1966 643 2025 ego
666 1968 736 2009 vero
760 1968 867 2025 parurn
890 1951 1018 2008 viriliter
1040 1951 1133 2009 istum

78 2059 106 2099 so
121 2037 310 2115 indignatum
328 2041 411 2114 puto,
435 2039 460 2097 si
478 2040 510 2097 in
528 2041 614 2097 tanto
633 2038 733 2097 dolore
751 2038 905 2143 tribunum
922 2040 1023 2115 potuit
1042 2058 1132 2116 agno·

122 2145 210 2186 scere.
257 2126 321 2203 ipse
344 2127 420 2185 nihil
442 2129 569 2187 excusat.

188 2215 337 2290 Percussi,
358 2217 470 2292 inquit,
494 2218 592 2294 gratia
614 2217 705 2274 Marti
728 2218 888 2293 signisque,
914 2216 1020 2291 occidi,
1043 2218 1166 2276 haus18

122 2306 242 2364 noxium
269 2306 375 2364 ultrice
402 2305 523 2364 dextera
550 2307 737 2382 sanguinem,
767 2307 830 2365 sive
857 2306 957 2380 licuit,
986 2308 1049 2366 sive
1072 2324 1132 2364 non

122 2393 216 2452 licuit.
262 2396 352 2470 atque
375 2395 491 2452 utinam
512 2395 613 2470 plures
635 2397 745 2454 mortes
769 2395 907 2471 cepisset,
935 2397 1131 2470 utinpurum

194 2545 333 2600 lhabeat
350 2561 424 2614 supr
439 2545 1064 2616 111111110111111511161111111

123 2616 294 2670 21111111Β
363 2616 597 2685 4expositioneis
616 2626 644 2669 B
705 2616 946 2671 aensatoribusB
1006 2616 1131 2670 similite

121 2740 184 2777 en·
173 2725 242 2777 -tcm
260 2733 288 2776 Β
358 2729 374 2778 8
393 2707 514 2792 putitdia
531 2733 559 2776 Β
629 2729 714 2792 9per
731 2725 830 2792 pectus
848 2723 971 2777 infandi:
989 2720 1130 2792 perfectus

121 2794 246 2866 instandi
264 2804 292 2847 Β
356 2795 387 2848 in
393 2742 541 2850 platus:1n
560 2794 650 2848 latum
668 2804 747 2861 ΒΥιΐς
765 2794 877 2848 illatum
896 2804 928 2848 M
943 2797 1021 2866 (corr.
1036 2798 1077 2864 m)
1106 2803 1109 2808 ’

123 2871 156 2919 10
174 2868 354 2934 tantumque:
373 2868 485 2920 tantum
503 2879 619 2933 quemc
696 2866 841 2919 horrorum
859 2875 898 2934 B,
916 2877 1017 2921 corno
1089 2866 1131 2919 in-

122 2937 311 3006 dignacionis:
344 2937 368 2992 is
396 2939 427 2991 11
453 2941 508 2991 ras.
531 2947 559 2990 Β
662 2943 694 2990 12
721 2940 890 3005 posuerunt:
922 2938 967 2991 vel
998 2939 1132 3006 posuerat

120 3026 195 3077 capr.
210 3030 242 3061 m
302 3009 417 3063 abemus
435 3018 473 3076 Β,
492 3007 693 3072 haberemusc
745 3007 853 3062 vicinus
872 3017 900 3060 Β
980 3015 1013 3061 14
1032 3009 1130 3063 s-trine

120 3079 208 3134 xisset
226 3089 254 3132 Β
334 3086 367 3135 16
387 3096 468 3134 casus
486 3079 600 3133 fecisset
623 3097 656 3134 cu
674 3095 769 3133 cassus
787 3079 931 3133 refecisset
949 3089 977 3132 Β
1056 3080 1131 3134 enim

122 3167 172 3207 om
188 3159 225 3233 M
244 3150 308 3206 cdd
322 3173 354 3204 m
426 3156 459 3204 18
478 3150 665 3221 praebendos:
684 3149 841 3218 prehendos
859 3160 898 3219 Β,
918 3151 1131 3219 prendendoss

124 3279 156 3327 19
174 3241 271 3329 viriter
288 3285 316 3328 Β
385 3280 420 3328 20
438 3274 629 3344 indignatum·
623 3276 714 3328 :at'
702 3290 736 3328 ere
750 3291 804 3329 ras
824 3284 852 3327 Β
921 3277 1001 3329 tanto
1021 3276 1128 3329 dolore:

121 3347 233 3399 tanturn
251 3347 375 3403 dolorem
393 3356 427 3414 B,
446 3357 546 3401 cerm
601 3317 927 3413 2111111111Β,11111
943 3357 960 3398 1
1015 3353 1131 3429 22311-

121 3416 193 3470 tiam
207 3439 241 3485 o3
260 3435 327 3474 corr.
345 3418 421 3486 our,
440 3416 468 3472 O
483 3417 564 3483 Mari,
584 3417 635 3470 sub
650 3417 828 3487 signisque&
881 3417 975 3471 hausi:
996 3417 1061 3471 auxi
1074 3425 1134 3470 ΒΜ

121 3487 178 3557 (vel
194 3487 277 3550 hausi
293 3491 336 3561 ns)
353 3501 375 3545 11
450 3493 484 3542 23
507 3488 634 3543 noxium:
657 3488 782 3542 noctium
804 3497 826 3540 V
900 3488 1027 3542 dextera:
1052 3504 1082 3542 er
1100 3489 1131 3542 iu

121 3557 240 3616 11131
307 3576 366 3617 non
382 3559 507 3615 lceuits
579 3565 613 3612 24
631 3560 752 3614 utinam
771 3558 811 3617 ut’
831 3568 858 3613 Β
