2430 3952
90 201 158 265 1180
372 197 564 255 EXOERPTA
581 197 825 257 MONAOENSIA.

89 399 91 404 ·
160 367 218 428 Sed
241 387 334 427 unum
361 367 418 427 tibi
447 367 720 445 11111111111111111
747 385 934 444 responsum:
962 368 1002 427 ad
1033 369 1120 430 diem

89 458 168 516 reni.
202 459 279 517 state
297 457 355 532 hic,
378 457 498 532 iudices,
522 458 574 532 qui
595 457 652 516 1111
669 459 798 532 imperat
810 458 878 515 nisi
901 476 953 516 eur
976 477 1041 517 non
1067 478 1119 518 ex-

92 546 298 623 spectavimus.
345 565 398 605 cur
420 546 530 604 famem
552 564 612 604 non
636 546 675 605 ad
696 547 891 606 constitutum
915 545 1120 608 distulimus?

92 654 144 694 cur
172 634 211 693 ad
239 637 358 694 tantum
385 635 470 694 nefas
493 632 690 695 accessimus?
733 636 765 693 111
792 635 848 694 hac
874 635 959 695 lance
987 635 1120 713 publica

90 719 224 803 (causa)
246 725 364 800 pendet.
411 723 576 798 oiudiees,
605 727 659 783 aut
680 725 738 783 iste
760 723 845 783 tarde
868 724 953 799 fecit,
969 727 1035 784 ,aut
1059 745 1146 787 noss

91 814 159 873 1111.
181 807 206 891 †
229 812 281 872 sed
303 813 382 872 unde
402 814 441 887 te,
465 812 537 888 quid
554 831 608 872 nos
626 812 746 890 ingente
769 813 848 871 fame
871 813 991 873 tardare
1015 816 1118 876 scelus

91 903 290 977 nequivimus,
312 903 376 977 ipse
401 903 500 960 autem
524 901 610 960 citius
628 901 725 960 redire
749 903 857 978 potuit.
903 903 1030 982 longum
1054 907 1119 966 ter·

91 991 207 1048 minum
226 990 360 1049 dedimus
379 992 415 1065 ei,
437 1009 474 1049 ne
493 1009 616 1064 moram,
638 991 664 1049 si
683 991 775 1050 serius
794 994 932 1067 venisset,
955 998 1120 1054 excusaret

88 1081 216 1157 ,propter
245 1081 369 1138 ventum
400 1097 529 1138 aversus.
575 1097 642 1137 cum
672 1099 752 1157 ergo»
773 1082 988 1156 prosperiorem
1021 1102 1118 1158 quam

90 1168 285 1245 sperabamus
304 1170 427 1227 ventum
440 1168 555 1242 habuit,
574 1168 662 1227 eitius
675 1169 772 1228 redire
786 1168 896 1228 debuit.
933 1169 1118 1231 felicitatem
1132 1191 1156 1232 11

92 1259 226 1316 nostram
250 1260 279 1316 et
296 1276 405 1317 munus
430 1257 551 1317 deorum
568 1257 733 1332 perdidisti.
778 1260 910 1334 imputas
932 1259 1020 1318 nobis
1045 1279 1118 1337 pro·

90 1347 184 1422 ,pitios
215 1347 320 1406 ventos
353 1348 383 1405 et
419 1345 579 1405 secundum
610 1365 692 1404 mare
724 1349 754 1404 11
786 1347 917 1407 civitatis
949 1347 1118 1422 opulentae

93 1434 306 1495 liberalitatem
343 1454 419 1515 quae
455 1436 586 1496 tantum,
609 1435 753 1494 frumenti
793 1436 927 1495 vendidit
964 1441 1118 1511 quantum

93 1523 208 1584 duobus
237 1524 357 1600 populis
389 1525 462 1584 satis
492 1525 576 1584 esset.
622 1524 674 1583 sed
704 1543 773 1585 cum
802 1526 837 1583 de
867 1526 1029 1586 velocitate
1060 1531 1117 1587 tua

88 1614 244 1692 gloriaris,
267 1613 387 1672 tardum
408 1612 538 1671 reditum
566 1613 604 1672 ad
626 1631 680 1672 nos
709 1614 847 1689 exprimis
875 1616 965 1689 atque
989 1619 1114 1691 sponta-
1130 1635 1154 1679 11

91 1717 188 1762 neum.
235 1720 295 1762 non
319 1705 396 1777 erat,
423 1701 548 1776 iudices,
577 1700 687 1777 ubique
714 1702 896 1761 morandum.
943 1722 1014 1781 ergo
1041 1706 1114 1765 civi·

95 1794 188 1850 tatem
205 1794 340 1851 nostram
362 1792 445 1851 ouius
469 1791 560 1850 solius
583 1794 649 1849 erat
666 1791 793 1869 legatus,
815 1793 894 1851 ultro
917 1792 1061 1870 perdidit,
1084 1798 1116 1854 11

89 1880 156 1944 ,sine
179 1899 269 1940 causa
295 1882 462 1939 monstrum
490 1898 544 1939 nos
573 1879 695 1940 effecisti
724 1880 857 1941 saeculis.
902 1882 1047 1942 videlicet
1069 1902 1114 1943 se-

93 1970 197 2046 pulcra
214 1969 369 2027 hominurn
387 1971 580 2044 mortuorum,
604 1968 676 2027 dum
693 1970 811 2029 nostros
829 1969 959 2029 famelici
983 1973 1115 2031 comedi·

93 2077 173 2132 mus,
204 2060 233 2115 et
256 2057 343 2115 fidem
372 2058 469 2116 fecisti
496 2056 618 2132 fabulis,
648 2061 683 2117 ut
712 2061 821 2118 cuneta
850 2078 925 2134 quae
948 2059 1114 2138 finguntur,
1128 2080 1152 2120 re

95 2165 165 2205 vera
195 2164 256 2205 esse
288 2145 425 2204 credatur
453 2165 552 2221 posse,
584 2146 656 2205 dum
689 2149 802 2207 sciatur
833 2150 896 2206 tam
927 2149 1114 2209 incredibilis

96 2235 251 2294 calamitas
280 2235 419 2294 evenisse.
466 2235 562 2293 omnis
589 2235 768 2295 infortunati
796 2236 906 2296 solacia
934 2238 1004 2296 hino
1028 2241 1114 2314 pote·

93 2326 164 2382 rant
191 2326 221 2382 11
251 2323 373 2382 audient
403 2324 605 2383 calamitatem
635 2324 906 2401 incomparabilem.
951 2327 1038 2385 nulla
1069 2331 1115 2387 est

95 2413 169 2472 adeo
192 2413 310 2472 rabiosa
332 2413 421 2471 belua
439 2415 487 2472 eui
504 2433 564 2473 non
583 2415 682 2492 imago
701 2433 756 2474 sua
774 2417 878 2474 saneta
901 2416 948 2490 sit,
971 2418 1002 2473 et
1026 2435 1114 2474 omne

94 2502 208 2561 animal
231 2501 332 2579 diligit
359 2502 417 2561 sibi
439 2503 543 2562 simile.
589 2504 735 2580 pluraque
763 2503 854 2563 etiam
878 2503 1032 2579 animalia,
1057 2506 1150 2566 etsist

94 2592 258 2667 mordeant,
276 2594 377 2650 tamen
392 2591 508 2650 laniatu
527 2592 685 2652 abstinent.
727 2612 782 2652 nos
801 2596 900 2652 autem
920 2612 993 2667 quos
1007 2593 1116 2654 divina

91 2679 283 2756 providentia
300 2698 354 2755 per
372 2682 511 2738 naturam
529 2700 619 2757 supra
637 2682 748 2740 bestias
770 2683 972 2756 constituerat,
994 2683 1116 2762 redegit

93 2769 172 2827 infra
191 2769 302 2842 beluas,
322 2769 392 2827 dum
411 2770 547 2829 carnibus
560 2771 759 2829 humanorum
778 2772 961 2845 cadaverum,
980 2769 1117 2831 filiorum

98 2860 189 2916 etiam
207 2858 451 2933 propinquorum,
468 2858 626 2934 pascimur.
667 2863 755 2935 pater
774 2860 868 2918 filium
886 2860 1024 2935 comedit,
1044 2881 1116 2921 mox

97 2950 202 3005 natum
224 2948 371 3006 infantem
395 2947 518 3006 devorat
545 2951 652 3024 mater,
682 2952 712 3008 et
733 2949 811 3007 redit
837 2949 869 3006 in
891 2951 1011 3007 uterum
1036 2950 1116 3010 laee-
1129 2969 1152 3010 a

95 3039 178 3094 ratus
201 3037 309 3094 infans.
355 3035 471 3096 dehisce
493 3032 633 3117 terra[m]
659 3040 689 3095 et
706 3038 783 3097 hanc
805 3039 924 3097 noxiam
947 3037 1117 3116 civitatem,

93 3124 135 3182 ad
163 3124 273 3184 inferos
304 3144 369 3183 eam
398 3126 497 3200 trahe,
527 3127 553 3185 si
583 3126 729 3202 quomodo
758 3128 851 3187 scelus
881 3128 936 3186 hoo
966 3130 1117 3204 expietur.

96 3213 236 3271 caelestes
251 3231 338 3272 auras
353 3216 555 3273 contaminato
574 3217 683 3291 spiritu
696 3216 858 3290 polluimus
873 3219 903 3273 11
916 3215 1067 3277 sideribus
1082 3238 1118 3278 ao

96 3296 201 3380 dei<s>
211 3320 316 3379 graves
326 3302 472 3361 invidiam
482 3305 598 3363 saeculo
608 3305 742 3364 facimus.
767 3324 824 3380 quo
834 3305 982 3382 fugiemus
989 3306 1118 3366 miseri?

95 3392 187 3449 urunt
210 3392 337 3464 animos,
364 3394 495 3469 arguunt
517 3393 598 3452 intus
622 3394 832 3452 conscientiam
856 3395 1000 3453 scelerum
1022 3396 1154 3457 1111111

167 3584 183 3632 9
202 3594 241 3631 aa
260 3577 428 3632 adversum?
500 3585 533 3633 31
552 3579 822 3720 1111111Ἆῶ1111
839 3590 872 3634 Μ
