2430 3952
91 203 169 257 XXII
493 202 708 257 PRAEFATIO.

158 373 294 448 Denique
318 372 398 448 quod
420 391 511 447 supra
529 373 758 431 commemoravi
781 372 819 430 ad
839 373 1040 431 recensionem
1065 391 1116 432 co-

91 461 165 521 dicis
194 465 230 519 Μ
259 461 351 520 libros
382 461 526 536 quosdam
561 460 710 521 adhibitos
741 479 803 521 esse
833 461 945 519 alienos
975 479 994 519 a
1024 463 1115 521 fami-

91 550 135 608 lia
158 573 186 624 c,
209 551 270 609 iam
294 549 371 609 addo
393 549 580 609 reductorem
607 567 694 607 usum
722 568 784 608 esse
808 549 885 608 libro
909 550 1043 608 familiae
1067 574 1116 630 y„

92 639 251 714 variasque
274 639 416 699 lectiones
447 656 521 714 quas
545 640 693 697 corrector
716 639 886 713 adnotavit,
913 639 1024 714 petitas
1048 658 1115 700 esse

91 748 110 788 a
133 728 232 789 codice
255 728 388 788 familiae
410 751 449 807 7,

158 815 232 876 Cum
262 821 364 876 autern
391 834 440 876 eos
472 816 587 875 codices
617 816 649 873 in
678 835 770 874 manu
799 825 953 876 teneamus
983 836 1115 893 quorum

90 925 181 982 opera
201 910 290 983 atque
310 906 421 966 auxilio
440 905 556 964 familia
574 928 592 985 y
611 905 739 964 conflata
758 907 811 980 est,
830 907 874 963 nil
887 925 923 964 ex
940 906 995 965 illa
1012 907 1114 965 lucra-

90 1015 157 1054 mur
191 995 229 1055 ad
261 999 356 1055 artem
387 996 522 1054 criticam
552 994 743 1053 exercendam
773 997 893 1070 praeter
925 994 1114 1056 coniecturas

90 1084 370 1161 emendationesque
393 1084 544 1160 quasdam.

158 1174 284 1232 Paululo
308 1175 414 1234 melius
437 1173 568 1231 iudicare
591 1172 663 1231 licet
681 1173 716 1230 dc
741 1172 855 1232 duobus
878 1173 962 1232 libris
985 1171 1114 1232 Leiden-

90 1262 172 1321 sibus
191 1264 304 1322 saeculi
322 1263 396 1322 XHI
416 1281 498 1338 quos,
522 1280 589 1320 cum
600 1263 757 1320 ‘artissime
775 1264 855 1321 inter
872 1281 902 1321 se
923 1263 1113 1339 cohaereant,

90 1352 194 1411 littera
218 1352 235 1411 d
258 1352 501 1430 significavimus,
525 1351 591 1410 dico
614 1350 842 1409 Perizonianum
865 1351 897 1409 in
920 1354 1026 1410 octavo
1051 1353 1114 1411 4Α

90 1445 120 1499 et
142 1441 322 1501 Vossianum
344 1442 474 1501 latinum
496 1442 528 1498 in
553 1443 659 1516 quarto
686 1442 735 1499 Π.

100 1570 101 1573 ¹
157 1531 202 1588 Ex
221 1531 329 1606 quibus
348 1521 721 1609 Perizonranus4A1)
742 1520 802 1609 (H)
822 1529 894 1586 olim
912 1528 946 1586 B.
989 1529 1114 1604 Huyde-

90 1619 189 1694 coperi
212 1619 454 1680 membranaceus
474 1610 531 1700 (12
546 1629 590 1680 ><
606 1620 645 1676 21
667 1610 727 1698 cm)
751 1618 891 1675 foliorum
910 1619 949 1676 81
971 1637 1114 1678 versuum

90 1709 130 1766 41
155 1710 299 1768 litterulis
321 1709 445 1768 minutis
469 1712 499 1767 et
522 1709 707 1784 compressis,
733 1706 871 1765 dilucidis
894 1709 996 1766 tamen
1019 1710 1112 1782 atque

88 1798 237 1856 accuratis
261 1798 390 1874 scriptus
410 1802 463 1857 est.
500 1815 613 1856 errores
632 1798 712 1855 inter
730 1794 917 1854 scribendum
937 1797 1112 1856 commissos

89 1886 229 1945 librarius
252 1889 316 1963 ipsc
336 1886 506 1946 emendavit
523 1903 693 1961 paucasque
717 1886 858 1944 lectiones
876 1888 976 1945 varias
999 1884 1113 1945 additis

88 1975 168 2034 notis
191 1976 203 2033 l
227 1967 298 2057 (ccl)
323 1977 371 2035 vel
394 1977 423 2034 al
451 1967 563 2056 (aliter)
588 1974 744 2049 adspersit.
785 1973 917 2033 initiales
944 1975 1112 2050 titulosque

88 2062 257 2124 rubricator
274 2066 381 2141 pinxit.
424 2066 572 2123 corrector
590 2063 722 2122 eiusdem
740 2064 850 2122 aetatis
873 2083 941 2122 mox
960 2064 997 2123 ab
1021 2083 1113 2139 opere

88 2170 142 2213 suo
166 2154 292 2228 destitit,
315 2173 383 2213 cum
405 2154 609 2229 intellexisset,
632 2152 788 2211 librarium
812 2170 872 2226 qua
895 2155 960 2212 crat
982 2153 1113 2230 diligen-

88 2242 142 2316 tia,
166 2242 223 2301 sibi
245 2245 296 2301 vix
319 2243 481 2319 quicquam
505 2241 543 2300 ad
565 2242 743 2300 mutandum
765 2241 930 2316 reliquisse.

156 2332 252 2391 Multo
283 2335 381 2392 minus
412 2333 551 2390 accurate
583 2332 738 2406 multoque
767 2330 938 2390 mendosius
971 2334 1112 2390 exaratus

88 2423 135 2479 est
157 2420 359 2480 Vossianus
385 2412 458 2503 77²)
482 2421 623 2479 foliorum
648 2421 710 2480 186
731 2413 791 2500 (J)
833 2420 883 2478 fol.
905 2421 1012 2479 1-98
1036 2420 1113 2498 legi·

87 2511 140 2568 tur
170 2509 322 2569 institutio
355 2511 486 2570 oratoria
517 2508 696 2578 Quintiliani
728 2509 886 2568 decurtata
917 2509 1031 2570 duobus
1062 2527 1112 2568 co-

88 2597 199 2657 lumnis
229 2618 368 2658 versuum
393 2601 434 2658 39
466 2600 586 2675 scripta.
627 2599 678 2656 fol.
704 2599 916 2658 100--186το
944 2601 1114 2675 sequuntur

86 2685 320 2748 declamationes
342 2688 415 2748 item
440 2690 481 2748 39
505 2688 638 2748 versibus
666 2689 794 2764 scriptae
823 2706 882 2745 non
905 2690 1007 2746 tamen
1029 2688 1112 2748 foh'is

90 2775 194 2836 divisis
218 2778 249 2836 in
273 2779 434 2837 columnae.
476 2777 536 2837 duo
558 2776 675 2835 librarii
694 2776 788 2836 codici
812 2795 932 2852 operam
956 2776 1113 2836 dederunt.

87 2865 166 2924 alter
196 2867 325 2926 confecit
352 2868 402 2927 fol.
425 2867 658 2926 1—129101111.
684 2866 734 2940 38,
758 2866 835 2924 alter
861 2867 985 2941 reliqua.
1027 2868 1113 2941 prior

89 2974 124 3014 ex
149 2954 274 3014 arbitrio
304 2957 437 3016 ordinem
467 2955 718 3014 declamationum
745 2955 931 3030 immutavit,
961 2956 1113 3031 posterior

85 3047 249 3121 genuinam
279 3045 456 3105 observavit.
498 3044 550 3104 sed
577 3064 645 3104 cum
673 3045 722 3103 hic
752 3064 811 3103 non
838 3045 1002 3120 respexerit
1032 3064 1112 3119 quae

87 3133 139 3190 ille
158 3135 219 3192 iam
238 3134 348 3201 litteris
367 3134 572 3206 mandaverat,
595 3135 668 3192 dccl.
687 3132 775 3191 XVII
796 3135 827 3192 et
845 3133 860 3192 I
878 3133 924 3192 bis
944 3134 1112 3209 descriptae

88 3224 159 3280 sunt
182 3222 289 3297 quibus
314 3226 462 3282 corrector
484 3223 614 3296 eiusdem
638 3224 746 3282 aetatis
769 3225 827 3281 ista
847 3240 936 3297 super
958 3224 1114 3284 tobuocdat

87 3311 184 3370 altero
208 3312 274 3371 loco
306 3312 471 3389 adscripsit.
513 3311 591 3371 unde
614 3313 843 3371 declamationes
870 3313 928 3373 hoc
952 3313 1055 3372 ordine
1079 3333 1112 3374 se

162 3503 188 3567 1)
207 3499 242 3553 cf.
262 3499 433 3567 Hammon,
449 3519 476 3568 p.
493 3507 534 3565 16,
554 3500 739 3566 Dessauer,
758 3517 785 3567 p.
802 3505 844 3553 39.

161 3573 187 3641 2)
207 3571 241 3626 of.
261 3571 428 3652 Hammer,
448 3591 475 3640 p.
493 3577 534 3638 16,
553 3571 735 3638 Dessauer,
754 3588 782 3640 p.
797 3577 840 3625 40.
