2430 3952
113 179 178 246 202
381 177 598 234 SEPVLGRVM
615 178 859 235 OEGANTATVM

114 351 226 424 quanto
249 347 367 407 facilius
390 365 464 423 opus
488 351 561 422 erat,
584 348 610 406 si
631 345 843 407 revocaretur?
882 365 951 406 mcx
973 347 1005 405 in
1026 347 1128 422 ipsam

114 437 223 496 dicitur
253 437 419 496 incubuisse
451 455 562 512 pronus
594 455 700 495 urnam
731 439 762 495 et
787 438 866 495 inter
894 454 960 496 ossa
987 439 1017 495 et
1047 436 1128 495 inter

115 526 225 584 cineres
248 525 338 585 verba
360 524 489 585 clusisse.
525 527 581 584 hoc
603 528 703 584 tamen
726 525 851 585 subinde
873 526 1032 601 respiciens
1056 544 1127 584 con·

112 615 265 673 fitebatur:
296 617 444 692 repugnat
470 614 584 673 umbra.
628 615 731 690 itaque
759 613 938 673 carminibus
963 633 1023 673 non
1050 615 1127 675 satis

114 703 209 779 credo,
231 703 428 782 praefigamus
452 721 536 761 omne
559 703 668 762 tumuli
690 704 769 762 latus
793 706 823 761 et
844 703 939 762 multo
960 703 1127 763 vinciamus
1155 728 1167 769 s

114 811 185 851 saxa
207 793 292 852 ferro.
333 793 395 850 iam
417 793 491 851 bene
514 791 612 866 habet,
635 793 782 867 expiravit
804 791 975 867 aliquando,
997 811 1058 851 non
1080 792 1127 851 vi·

113 881 185 949 deri,
204 901 264 940 non
281 881 421 958 progredi
439 882 545 956 potest.
582 899 621 939 an
638 883 775 955 mentiar,
789 880 863 939 scies
881 881 1016 955 proxima
1029 884 1131 941 nocte:

114 988 214 1029 omnes
232 971 413 1029 mehercules
436 973 582 1044 parentes,
604 968 710 1045 utique
729 970 780 1044 qui
798 969 906 1029 liberos
924 969 1128 1045 perdiderumt,

49 1082 53 1087 ·
113 1059 157 1117 ire
179 1059 212 1116 in
233 1060 308 1118 istos
331 1060 439 1134 oculos,
462 1059 494 1115 in
517 1059 577 1116 ista
600 1077 652 1117 ora
675 1058 828 1117 debebant.

61 1146 101 1202 lo
182 1148 227 1205 Tu
250 1147 292 1206 sic
314 1146 410 1205 filium
432 1150 517 1205 tuum
538 1147 662 1220 elusisti,
684 1149 839 1222 tamquam
861 1150 1000 1206 nocentes
1019 1147 1058 1206 ad
1080 1148 1128 1206 in·
1143 1170 1169 1211 ro

113 1237 193 1295 feros
215 1236 348 1295 revocari
370 1237 486 1296 soleant
508 1235 624 1294 animae
648 1255 723 1311 quae
746 1237 824 1295 inter
850 1237 1058 1313 languentium
1080 1237 1127 1295 fa-

114 1325 229 1383 miliam
264 1326 295 1384 et
329 1324 430 1384 tristes
466 1326 619 1400 penatium
650 1324 767 1384 morbos
799 1343 894 1402 vagae
935 1329 1127 1401 errantesque

114 1415 230 1491 magica
248 1414 382 1472 vanitate
401 1411 578 1490 captantur?
614 1415 759 1489 laqueone
778 1414 871 1473 vitam
891 1413 1049 1472 damnatus
1072 1414 1127 1473 eli·

114 1500 215 1562 serat?
258 1504 379 1562 noxium
400 1523 454 1579 per
476 1521 530 1562 sua
552 1503 666 1562 viscera
689 1505 827 1580 exegerat
848 1500 983 1560 ferrum?
1028 1521 1067 1561 an
1090 1523 1128 1562 ex

114 1592 293 1652 conscientia
315 1611 429 1652 venena
452 1589 713 1668 praesumpserat?
739 1610 793 1650 nec
819 1591 981 1667 recipiebat
1008 1610 1039 1651 se
1066 1593 1127 1651 nisi
1142 1613 1167 1656 rs

114 1683 243 1740 carmine
265 1679 418 1740 inclusus?
455 1681 572 1756 quando
592 1681 712 1739 domum
729 1682 813 1738 tuam
830 1681 969 1739 funereus
989 1683 1019 1739 et
1036 1699 1126 1756 squa-

113 1769 200 1844 lidus,
223 1770 341 1846 quando
364 1772 394 1829 te
417 1767 545 1829 terruit?
590 1769 790 1828 crudelissime
814 1771 947 1828 omnium
969 1771 1064 1845 pater,
1088 1770 1126 1842 de

113 1858 176 1917 fflio
197 1861 251 1918 tuo
273 1859 385 1917 malam
407 1859 542 1917 umbram
564 1858 668 1917 fecisti.
715 1876 788 1934 quas
811 1878 890 1917 nunc
912 1860 1000 1935 putas
1023 1859 1126 1918 uxoris

114 1947 295 2006 miserrimae
323 1966 385 2007 esse
413 1944 629 2024 cogitationes?
661 1965 721 2023 qua
752 1949 888 2006 materna
914 1948 1027 2006 viscera
1059 1967 1128 2025 per-

115 2037 250 2095 suasione
281 2034 437 2112 torqueri?
485 2056 562 2095 nunc
593 2035 672 2095 filius
704 2055 786 2095 meus
819 2036 883 2094 illic
914 2036 992 2094 unde
1024 2037 1127 2096 venire
1143 2059 1169 2099 ro

115 2127 321 2199 consueverat,
348 2125 426 2184 iacet
448 2125 582 2199 strictus,
606 2125 760 2202 alligatus,
786 2126 944 2200 inpatiens.
991 2127 1129 2200 queritur

115 2214 213 2273 subito
231 2216 342 2272 terram
360 2214 536 2290 graviorem,
554 2214 659 2289 utique
678 2232 745 2272 cum
763 2215 854 2272 sentit
866 2213 981 2272 venisse
999 2218 1128 2290 noctem,

115 2302 234 2379 quando
257 2303 378 2361 umbrae
401 2303 547 2362 feliciores
570 2302 762 2361 dimittuntur
780 2301 818 2360 ad
840 2305 959 2362 matres.
997 2305 1128 2379 atvero,

115 2392 140 2452 si
159 2411 218 2468 qua
236 2391 314 2450 inter
332 2410 433 2450 manes
453 2391 609 2467 conloquia
628 2393 699 2449 sunt
716 2423 760 2432 —-
779 2394 809 2450 et
828 2410 890 2450 esse
909 2392 995 2450 credo
1012 2424 1050 2432 —
1067 2411 1129 2451 non

116 2482 198 2540 deest
221 2481 272 2557 qui
294 2481 394 2540 iuveni
417 2499 482 2538 meo
502 2480 594 2539 dicat:
619 2475 721 2554 ‘quam
739 2481 808 2540 vilis
825 2482 887 2540 tuis
908 2480 1000 2539 fuisti.
1036 2500 1129 2555 quam
1143 2503 1169 2545 ro

115 2571 241 2629 libenter
263 2573 293 2628 te
316 2569 515 2645 perdiderrmt.
562 2566 655 2644 quid?
680 2568 735 2627 illa
761 2573 865 2644 mater,
897 2568 935 2627 ad
963 2588 1052 2644 quam
1084 2572 1129 2630 ire

115 2677 322 2733 consueveras,
353 2659 407 2717 has
434 2657 491 2716 tibi
522 2661 654 2733 catenas,
686 2658 759 2717 baec
790 2658 909 2718 vinculo
937 2677 991 2734 pro
1020 2662 1128 2719 merito

114 2743 275 2807 reddidit?
320 2748 365 2805 ita
392 2745 596 2806 infelicissima
623 2748 756 2806 omnium
778 2749 894 2822 mulier,
922 2749 952 2806 et
974 2746 1000 2806 si
1021 2767 1128 2825 magus

187 2994 201 3041 1
221 2972 390 3059 revocaret}
405 2997 437 3041 Β
502 2993 517 3040 3
535 2988 633 3042 verba:
651 2988 752 3042 umbra
770 2997 790 3041 s
808 2977 889 3113 ἳίὸτα
903 2991 937 3059 P)
991 2995 1008 3041 4
1027 2988 1129 3043 umbra

115 3060 343 3113 -carminibuez
364 3060 462 3128 itaque
486 3059 586 3113 umbra
612 3059 742 3114 carnibus
761 3059 813 3128 (·ni
832 3076 866 3113 us
891 3061 922 3113 in
944 3062 1010 3127 ras.)
1028 3069 1056 3112 Β

115 3130 248 3199 8utique
267 3148 316 3184 om.
331 3140 366 3198 Β,
384 3141 491 3200 capno
546 3130 726 3185 9debebant
743 3147 777 3184 cs
794 3130 930 3184 dibebant
948 3140 976 3183 Β
1029 3135 1062 3183 10
1081 3133 1127 3185 tu:

115 3203 216 3266 tunes
280 3208 311 3256 11
331 3216 492 3267 revocares
552 3200 711 3272 lugentium
727 3212 752 3255 J
808 3207 840 3254 13
859 3202 985 3255 vanitate
1004 3213 1032 3254 s:
1052 3201 1129 3255 sani-

115 3274 176 3328 tate
194 3294 217 3326 ω
300 3275 450 3341 captantur
467 3293 502 3326 c:
522 3274 691 3342 optanturs
777 3277 810 3325 14
829 3287 912 3341 super
931 3289 981 3326 sua
999 3281 1058 3325 ΒΜ

117 3350 151 3398 16
169 3346 247 3397 tuam
265 3358 346 3408 onas
422 3350 485 3413 post
503 3344 648 3411 squalidus
666 3343 731 3398 add.
745 3343 860 3412 repetiit
882 3352 903 3395 V
976 3349 1008 3396 17
1027 3345 1056 3397 te
1075 3361 1127 3399 om.

115 3425 143 3471 B
230 3415 342 3469 terruit:
366 3414 435 3469 fruit
453 3425 480 3469 P
562 3418 644 3484 pater
668 3413 792 3469 omnium
811 3414 1128 3483 113omuiumom.B‚

115 3497 223 3557 supro
296 3491 328 3540 18
347 3485 451 3540 malam
469 3503 519 3541 om.
535 3496 569 3554 Β,
588 3496 695 3556 scpm
767 3489 800 3538 22
818 3485 913 3538 venire
936 3495 957 3537 V
1024 3492 1058 3539 25
1078 3488 1128 3555 qui

115 3576 190 3628 supr.
209 3568 231 3611 v
298 3557 394 3627 dicat}
412 3567 439 3611 ι’
