2430 3952
128 207 195 273 420
361 287 362 290 Ἴ
445 204 637 260 EXOERPTA
655 205 834 260 PARISINA.

130 374 232 435 liberis
270 377 301 435 et
336 376 495 452 praecipue
534 376 567 433 in
603 377 750 450 parentes.
800 375 836 432 F.
861 372 1070 432 admirabilior
1110 378 1158 434 est

129 465 254 538 caritas,
283 467 317 524 in
340 474 431 539 quam
453 463 583 539 propriis
607 465 720 523 eeimus
747 463 870 522 viribus.
913 459 1027 538 quante
1050 465 1157 523 minus

128 556 161 613 in
180 572 278 627 eausa,
296 555 383 612 tanto
402 555 498 631 magis
517 555 549 611 in
569 553 677 612 affeetu
695 555 748 611 est.
785 553 884 610 minus
908 553 936 611 ei
954 551 1083 610 debetur
1102 553 1157 628 qui

129 645 221 717 amat,
245 644 316 718 quia
334 660 452 702 neeesse
470 644 523 701 est.
564 643 610 701 M
630 643 764 701 amicitia
782 644 883 700 vestra
906 643 979 700 satis
1003 640 1156 701 haetenus

128 732 256 808 probata
275 733 329 791 est.
369 733 406 790 F.
426 733 525 791 111111
543 730 680 790 laudavit
698 732 890 806 prosperitas
912 749 991 795 nune
1008 748 1066 789 nos
1086 731 1185 806 ipsas

128 822 265 882 amieitia
282 822 420 896 temptat.
457 822 484 879 si
500 822 582 879 vitae
603 822 704 879 emnia
721 820 851 878 ineunda
869 820 1012 894 praestas,
1037 821 1158 880 amicus

128 912 226 970 etiosa
244 929 291 970 res
310 912 363 970 est.
404 911 450 968 M.
470 908 712 989 quandoquidem
730 909 777 967 his
796 927 857 968 nou
875 927 940 985 ago,
959 926 1015 984 ege
1034 911 1067 966 te
1088 909 1159 988 lege

130 1000 257 1059 detineo.
299 1001 335 1058 F.
354 1000 492 1073 pessima,
515 998 548 1056 P.
569 997 609 1071 d,
632 999 743 1057 matris.
762 1015 851 1057 eausa
875 999 933 1070 est,
962 999 995 1056 in
1018 1016 1084 1072 qua
1108 999 1158 1056 lex

129 1090 294 1165 plurimum
323 1090 430 1163 potest.
471 1089 516 1146 M.
536 1087 646 1146 liberi
674 1089 845 1163 parentes
872 1088 910 1144 in
936 1086 1159 1147 calamitate

130 1198 199 1238 non
223 1177 398 1237 deserant.
439 1177 612 1236 Essemus
640 1176 763 1236 esther
791 1177 905 1234 homini
934 1193 1054 1235 reverso
1087 1177 1158 1236 dici.
1175 1199 1197 1237 ιο

130 1268 176 1326 Μ.
195 1269 286 1325 immo
310 1268 437 1325 matrem
460 1266 627 1342 relinquere
650 1266 773 1325 facinus.
814 1266 852 1323 F.
871 1267 964 1337 11111,
992 1283 1048 1340 pro
1074 1283 1159 1341 sym-

129 1355 216 1430 bolis
239 1358 427 1431 pressantis,
449 1375 504 1432 pro
527 1355 626 1415 lucris.
667 1356 702 1413 ut
719 1354 835 1414 lacinus
859 1355 899 1414 sit
916 1353 1023 1412 relicta
1046 1359 1161 1428 mater,

132 1463 222 1505 eausa
244 1445 318 1504 facit
335 1445 531 1520 relinquendi.
569 1447 605 1503 tu
622 1444 716 1522 igitur
733 1444 808 1501 vale.
851 1462 905 1521 ego
924 1461 984 1503 non
1003 1443 1160 1520 relinquo,

131 1533 183 1595 sed
205 1535 350 1594 remittor.
396 1536 441 1593 M
460 1531 555 1609 quid?
578 1533 681 1593 miser!
722 1533 874 1592 nullamne
901 1531 1023 1590 timebis
1047 1533 1161 1612 legem,

131 1643 169 1684 111
191 1621 366 1699 relinquar?
406 1625 442 1682 Ε
462 1623 577 1683 nullam
594 1624 699 1682 timuit
717 1623 838 1696 11111111,
861 1641 898 1680 ne
921 1621 1160 1696 relinqueretur.
1174 1643 1195 1683 1⁵

132 1714 177 1772 M.
196 1713 278 1788 quid,
300 1713 509 1788 perditissime,
532 1714 559 1770 si
580 1713 613 1770 in
630 1713 737 1770 itinere
755 1708 899 1786 perieris?
939 1711 976 1768 F.
997 1715 1104 1771 mater
1123 1713 1161 1773 ud

132 1801 211 1862 diem
234 1821 308 1861 eam.
349 1803 406 1862 hoe
428 1802 476 1860 illi
498 1801 585 1860 debes
609 1802 662 1876 qui
684 1820 731 1859 me
753 1799 811 1858 tibi
832 1801 955 1859 remisit.
999 1801 1081 1860 vale.

417 2067 513 2128 XVII.
537 2068 689 2125 Vnunuvu
713 2083 862 2126 sinsvsvu.

133 2192 245 2250 Filium
273 2191 410 2249 abdicare
439 2191 537 2249 voluit
566 2194 660 2266 pater.
702 2194 799 2251 vietus
828 2192 944 2249 invenit
974 2193 1008 2249 in
1039 2197 1159 2254 secreta

179 2280 283 2340 domus
312 2283 398 2356 parte
427 2299 574 2339 venenum
597 2283 749 2339 terentem.
792 2281 940 2356 quaesivit
964 2281 1041 2354 quid
1071 2287 1159 2356 esset,
1172 2303 1194 2340 1

179 2371 228 2430 eui
245 2371 392 2445 parasset.
434 2369 485 2427 ille
509 2369 674 2445 respondit:
697 2390 852 2442 venenum,
872 2371 901 2426 11
920 2387 950 2427 se
968 2370 1049 2429 uelle
1070 2376 1158 2431 mon'.

177 2461 268 2518 iussit
299 2461 386 2534 pater
421 2458 529 2517 bibere.
580 2459 630 2517 1111
663 2459 775 2517 effudit.
827 2461 983 2517 accusatur
1016 2478 1036 2518 a
1070 2465 1159 2536 patre

177 2548 340 2628 parricidii.

201 2711 297 2768 Pata.
338 2708 456 2767 infinite
480 2707 562 2782 mihi,
586 2709 710 2782 iudieas,
735 2708 834 2766 dolore
858 2708 1007 2784 agendum
1032 2713 1082 2768 est
1106 2713 1159 2786 qui

134 2802 165 2859 et
186 2799 283 2857 filium
305 2799 413 2857 habere
437 2798 518 2856 dicer
541 2800 572 2856 et
593 2799 727 2855 invenire
750 2815 809 2854 non
831 2814 965 2874 pessum3
989 2797 1064 2856 dum
1089 2818 1158 2858 eon·
1171 2817 1191 2856 11

134 2907 242 2964 queror
266 2888 345 2963 quod
368 2907 435 2946 eum
460 2888 703 2962 protervorum
732 2887 865 2959 invenie,
895 2889 930 2943 ut
952 2905 1071 2946 veneno
1095 2909 1158 2947 mo·

134 2980 204 3035 riar.
245 2979 278 3035 in
304 2976 499 3052 parricidium
522 2994 540 3034 a
566 2977 753 3034 contumacia
781 2975 887 3033 insidit
913 2974 1002 3034 filius.
1047 2979 1158 3037 Filius.

134 3067 263 3125 lassatus
295 3085 348 3141 per
377 3066 509 3124 diversos
534 3067 660 3124 miserae
683 3067 791 3123 mentis
823 3069 929 3123 aestus.
976 3085 1038 3140 que
1069 3070 1159 3135 enim,

207 3325 380 3378 3111111111Ι
464 3331 495 3378 11
516 3323 625 3377 facinus
645 3327 687 3377 est
707 3333 783 3377 Bw
865 3329 1110 3379 resumamus
1166 3338 1171 3345 ’

136 3395 337 3465 relinquendae
355 3406 400 3449 VB
472 3398 570 3450 11111
594 3405 639 3447 VB
708 3394 769 3448 vale
789 3412 838 3450 oui.
856 3402 932 3447 nm
1049 3407 1052 3416 ·

209 3527 241 3574 18
261 3538 397 3575 venenum
416 3521 445 3574 in
464 3525 571 3574 secreto
590 3483 653 3574 XlV
672 3520 716 3572 lex
736 3501 763 3572 P
868 3525 901 3571 23
925 3520 1096 3588 parricidiis
1119 3533 1164 3579 11

129 3597 164 3648 24
183 3609 230 3648 me
256 3603 301 3647 w
372 3598 406 3648 25
424 3596 556 3662 torqueor
579 3602 624 3644 w
