2430 3952
428 193 662 248 DECLAMATIO
681 194 706 248 X
722 199 833 248 13-15.
1073 194 1137 259 201
1178 192 1186 204 ’

128 362 233 421 aderat
254 361 315 436 ille,
339 362 441 437 quales
464 363 601 421 humanis
624 379 655 421 se
679 362 806 420 offerunt
829 363 922 422 oculis
945 363 1070 439 propitii
1089 364 1141 437 dii,

130 451 216 526 quale
235 451 430 510 laetissimum
448 471 557 510 numen
576 453 630 525 est,
653 469 719 508 cum
738 469 768 510 se
791 452 907 527 patitur
924 452 1026 510 videri.
1064 453 1141 511 sicut

129 541 224 598 omnis
246 539 351 617 religio
373 541 562 616 templorum,
586 539 680 599 omnis
703 540 810 617 religio
833 541 979 615 lucorum,
1005 559 1072 600 cum
1094 543 1140 599 ta·

128 647 215 687 cuore
246 629 385 687 mortalia
413 631 443 688 et
469 630 588 705 profani
619 629 723 705 procul
751 648 885 688 erravere
913 629 1031 688 sedibus
1059 632 1140 703 totis

102 717 288 777 ssolitudine
311 718 371 775 frui
394 721 424 776 et
446 718 482 776 de
505 720 566 776 suis
590 717 699 777 dicitur
722 719 800 776 exire
823 718 1001 792 simulacris,
1028 719 1073 776 ita
1095 719 1140 776 iu-

128 807 212 865 venis
238 824 320 865 meus
343 807 479 866 noctibus
502 808 574 866 totis
598 806 706 884 agebat
727 807 823 864 filium
846 809 876 866 et
904 809 1030 882 paterna
1053 807 1140 867 domo

130 914 164 954 ae
194 895 351 970 penatibus
383 896 444 954 suis
475 895 631 954 fruebatur
662 895 797 972 placidus
825 898 855 954 et
881 896 964 954 mitis
993 899 1023 953 et
1051 898 1142 954 matri

128 985 284 1059 propitius,
307 987 342 1042 ut
363 1003 471 1042 numen
495 987 526 1043 et
548 985 620 1043 deus
641 983 741 1043 delabi
764 984 910 1044 sideribus
934 987 964 1043 et
981 985 1082 1043 venire
1106 985 1141 1042 de

128 1072 242 1149 liquido
269 1091 403 1148 puroque
432 1079 498 1132 adro
526 1073 691 1132 videbatur.
739 1073 810 1148 quid
842 1073 986 1149 imprecer
1017 1074 1141 1133 scelera-

89 1162 244 1221 ratissimo
267 1159 369 1237 patri?
391 1161 528 1220 umbram
550 1162 676 1238 probare
698 1162 803 1220 voluit.

194 1250 385 1324 Miseremini,
408 1251 527 1325 iudices,
550 1254 585 1309 ut
606 1251 662 1310 hoc
684 1251 799 1310 facinus
819 1251 928 1325 quibus
949 1250 1071 1325 debetis,
1095 1270 1141 1310 ac·
1156 1251 1193 1306 15

128 1339 248 1414 cipiatis
271 1341 391 1415 animis,
414 1341 511 1399 maius
534 1339 707 1415 parricidio,
729 1342 835 1413 maius,
858 1359 949 1414 quam
971 1340 997 1399 si
1019 1339 1075 1398 filii
1097 1359 1140 1399 se·

127 1429 261 1503 pulcrum
286 1428 419 1486 funditus
444 1429 568 1487 eruisset
591 1431 621 1487 et
639 1431 770 1487 sacratos
788 1431 883 1486 morte
906 1427 1030 1504 lapides,
1049 1431 1140 1487 etiam

129 1517 240 1576 cineres
264 1519 294 1575 et
317 1534 383 1575 ossa
403 1518 542 1593 religiose
566 1517 748 1592 quiescentia
771 1517 866 1574 fracta
885 1517 1041 1593 sparsisset
1058 1536 1140 1575 urna.

88 1625 114 1665 ιε
131 1605 292 1665 advocatur
318 1606 406 1665 homo
435 1607 517 1664 cuius
546 1624 594 1670 ars
622 1608 667 1664 est
692 1605 736 1663 ire
764 1609 867 1664 contra
898 1608 1044 1664 naturam.
1091 1607 1142 1681 qui

129 1694 218 1754 simul
242 1714 291 1753 ore
312 1694 448 1769 squalido
471 1695 631 1754 barbarum
653 1714 787 1753 murmur
809 1694 953 1768 intonuit,
976 1695 1076 1753 favere
1094 1713 1142 1753 su-

127 1802 226 1860 peros,
255 1783 357 1842 audire
379 1784 503 1858 inferos,
530 1786 656 1842 tremere
678 1785 787 1857 terras,
809 1785 845 1841 ut
868 1782 1075 1859 experimentis
1098 1784 1141 1842 lo-

129 1874 282 1947 quentium
305 1873 386 1930 foma
405 1875 458 1946 est,
482 1872 617 1932 constitit
638 1872 724 1930 iuxta
744 1873 893 1930 tumulum
915 1874 1073 1931 miserrimi
1096 1874 1141 1930 iu-

128 1961 210 2020 venis
236 1979 316 2020 mors
344 1963 460 2020 certior.
507 1958 595 2020 ‘nunc
624 1957 749 2037 opinor',
781 1961 894 2035 inquit,
923 1956 1044 2019 ‘arcana
1074 1981 1141 2020 mea

88 2050 266 2109 tetenebrae
290 2050 429 2109 adiuvate
452 2051 581 2124 medica,
607 2069 685 2108 nunc
709 2069 794 2109 omne
821 2050 957 2126 pervium
979 2070 1089 2109 numen
1112 2054 1142 2108 et

127 2138 235 2215 religio
254 2157 344 2214 quam
361 2139 414 2198 isti
431 2140 545 2217 inrog0,
567 2139 690 2215 propius
709 2139 818 2213 adeste,
842 2139 1012 2198 succurrite.
1045 2141 1141 2216 magis

127 2228 203 2286 mihi
225 2227 421 2286 laborandum
445 2230 490 2287 est
511 2247 601 2304 quam
619 2247 686 2286 eum
705 2228 801 2287 sidera
819 2229 930 2286 mundo
948 2229 1142 2302 revelluntur,

128 2334 195 2374 cum
222 2316 361 2375 iubentur
387 2317 504 2375 hiberni
526 2317 686 2375 fluviorum
713 2320 792 2375 stare
818 2317 971 2391 decursus,
999 2335 1066 2375 cum
1089 2336 1141 2393 pc·

127 2407 256 2464 tentiore
284 2405 422 2464 carminis
449 2425 562 2465 veneno
589 2405 662 2465 victi
693 2408 876 2481 rumpuntur
907 2405 938 2463 in
965 2425 1032 2464 mea
1062 2415 1141 2464 stru-

87 2512 113 2553 ae
126 2497 229 2553 menta
256 2496 419 2569 serpentes.
466 2494 675 2553 custodiendus
706 2498 751 2553 est
777 2496 907 2568 invenie,
939 2493 1141 2571 adsignandus

128 2585 174 2643 est
191 2584 293 2642 inferis
313 2585 343 2641 et
357 2582 540 2643 densioribus
553 2583 710 2660 transfuga
727 2583 907 2642 claudendus
926 2586 971 2641 est
989 2578 1140 2642 tenebris?

200 2865 215 2912 3
234 2858 403 2929 templorum
412 2859 555 2929 -religio
570 2876 619 2913 om.
631 2868 669 2925 Μ,
688 2859 751 2912 add.
766 2880 798 2911 m
848 2874 923 2911 cum:
943 2859 977 2929 c}
991 2860 1037 2928 (on
1051 2859 1098 2927 cr.)
1113 2867 1144 2910 M

128 2930 275 2999 4profani
295 2942 322 2984 s:
341 2929 467 2999 profanis
486 2952 508 2983 ω
573 2935 652 2984 iac:
672 2932 701 2984 et
720 2939 772 2982 BV
821 2930 944 2993 matres
1008 2934 1141 2998 spuere·

128 3017 182 3068 que
201 3011 229 3054 B
313 3007 344 3055 11
369 3003 413 3055 ut:
437 3003 466 3054 ct
488 3011 509 3053 V
592 3006 624 3054 12
647 3001 751 3055 maius:
775 3000 866 3070 magis
888 3000 966 3054 vbis
1049 3001 1141 3053 maius

127 3073 171 3125 est
188 3072 339 3141 parricidio
359 3081 391 3125 n
478 3072 501 3125 ei
519 3090 569 3127 om.
585 3082 613 3125 B
702 3078 734 3126 13
758 3071 886 3125 funditus
905 3072 1024 3125 eruisset
1042 3088 1091 3126 om.
1106 3081 1141 3137 Β,

127 3144 159 3196 iu
176 3161 262 3214 maro.
281 3145 378 3198 addo
460 3150 493 3197 14
512 3142 637 3212 quiescis
656 3152 696 3209 Μ,
720 3159 770 3196 cen
789 3159 862 3210 supr.
878 3164 910 3195 m
996 3147 1028 3195 16
1047 3142 1141 3196 favere

129 3215 283 3270 Meurec'us:
304 3213 402 3268 fallere
421 3236 456 3280 ως
479 3215 585 3283 pallere
603 3215 747 3268 Leideusic
765 3218 782 3267 9
854 3214 948 3283 coegit
962 3219 1026 3282 post
1042 3212 1140 3267 fallere

127 3285 225 3338 adds
304 3302 429 3355 superos:
455 3302 485 3339 os
508 3296 538 3353 νς
562 3286 696 3354 superbos
720 3285 801 3354 (bec
818 3285 847 3353 h)
867 3295 899 3338 11
977 3291 1008 3338 17
1034 3285 1141 3353 experi-

127 3358 223 3410 menta
241 3356 299 3411 Scb.
370 3362 402 3410 19
422 3357 533 3425 opinor:
553 3359 699 3425 opertaes
761 3357 883 3410 archana
897 3365 966 3409 Bru
1031 3361 1065 3408 20
1083 3372 1140 3409 mc-

128 3427 193 3480 dica
208 3429 284 3482 Dese.
294 3433 400 3496 12100:
420 3443 465 3480 mc
484 3428 571 3498 digna
589 3449 611 3480 ω
684 3433 716 3482 21
736 3426 822 3480 istum
840 3444 907 3497 rogo
927 3449 945 3479 a
999 3426 1098 3480 adesse
1117 3438 1144 3480 P

128 3503 163 3552 24
186 3515 255 3553 veno
275 3508 317 3565 Μ,
341 3515 376 3552 en
393 3516 467 3568 supr.
483 3521 514 3551 m
604 3504 637 3552 25
661 3497 995 3552 iuvenis-claudendus
1015 3499 1058 3551 est
1076 3499 1141 3552 t26

128 3586 179 3624 cm.
194 3579 232 3636 Μ,
251 3571 329 3638 iufra
348 3571 411 3625 odd.
426 3592 458 3623 m
529 3575 563 3622 26
583 3569 786 3639 dempsioribus
809 3580 831 3622 V
