2430 3952
344 943 383 1016 B.
416 942 668 1016 EXOERPTA
690 943 928 1017 PARISINA.

198 1121 272 1180 Cum
290 1125 322 1180 in
341 1142 375 1182 ea
393 1126 540 1181 terrarum
558 1125 652 1199 parte,
670 1126 702 1181 in
721 1143 780 1199 qua
797 1125 954 1182 minimum
973 1124 1060 1199 ratic,
1077 1124 1142 1200 plu·

130 1212 239 1269 rimum
262 1213 401 1270 voluutas
424 1212 513 1287 valet,
537 1212 708 1271 discretioni
725 1232 830 1271 vacare
849 1213 984 1272 intendas
1007 1232 1060 1272 nec
1082 1217 1143 1290 pri-

131 1318 194 1359 mos
217 1302 249 1358 in
272 1300 483 1360 deliberatione
502 1302 659 1361 verborum
680 1303 816 1377 impetus
840 1301 891 1360 sed
909 1304 1053 1361 extremos
1077 1321 1142 1361 exa-

105 1392 245 1450 sminato
274 1390 405 1448 themate
432 1391 574 1449 terminos
602 1391 775 1449 concludere
803 1391 934 1464 affectes,
966 1391 997 1449 id
1026 1392 1144 1467 quidem

132 1481 194 1537 sive
218 1496 235 1535 a
259 1479 367 1536 natura
396 1479 491 1556 regali
516 1481 614 1538 nescio
644 1481 705 1538 sive
734 1499 752 1537 a
779 1480 890 1538 virtute
919 1481 1060 1538 rationali
1087 1479 1144 1539 tibi

132 1567 261 1626 inditum
290 1570 346 1625 est:
377 1569 511 1626 doctrina
540 1572 641 1626 tamen
663 1586 728 1626 meo
760 1569 869 1627 iudicio
899 1569 1068 1645 augendum
1091 1571 1143 1629 est.

133 1675 235 1715 causas
262 1656 365 1731 itaque
393 1675 467 1731 quas
496 1675 514 1714 a
542 1655 726 1726 Quintiliano
755 1659 899 1716 tractatas
922 1661 1051 1734 repperi,
1078 1676 1143 1717 mco

132 1764 212 1803 more
241 1745 447 1804 declamandas
475 1744 531 1804 tibi
557 1746 664 1824 legavi.
706 1747 812 1822 quibus
840 1749 866 1805 si
893 1747 938 1804 uti
961 1747 1090 1815 libuerit,
1115 1750 1145 1805 et

93 1857 118 1894 10
133 1834 171 1893 ad
198 1833 434 1909 persuadendum
464 1835 579 1894 acutior
609 1837 639 1893 et
666 1835 705 1892 ad
733 1835 925 1893 iudicandum
947 1830 1145 1914 <im>pigri0r

133 1922 276 1983 efficieris.
322 1924 399 1982 illud
427 1926 527 1982 tamen
556 1943 749 2000 praemoneo,
780 1927 850 1999 quia
877 1943 936 1983 non
965 1943 1063 1984 ramos
1093 1924 1144 1984 sed

132 2012 246 2071 radices
269 2011 327 2071 tibi
350 2012 535 2071 commendo:
562 2015 742 2090 propagines
766 2015 844 2071 enim
866 2016 986 2092 ingenio
1009 2017 1061 2072 tuo
1085 2033 1145 2073 cre-

133 2102 243 2160 dendas
267 2120 329 2161 esse
352 2101 460 2160 iudico.
502 2103 576 2160 vale.

425 2298 447 2355 I.
472 2297 510 2356 H.
535 2296 656 2357 Oaucvs
679 2316 711 2355 ru
733 2317 847 2357 ursana.

93 2441 118 2481 15
133 2420 177 2477 Ex
200 2420 336 2480 incendio
360 2421 463 2480 domus
491 2421 660 2481 adolescens
687 2426 803 2497 patrem
831 2422 944 2480 extulit.
991 2421 1061 2480 dum
1084 2441 1145 2480 ma-

177 2512 254 2567 trem
282 2511 415 2584 repetiit,
445 2512 476 2568 et
502 2512 598 2585 ipsam
628 2514 658 2569 et
686 2510 785 2570 oculos
814 2512 922 2569 amisit.
973 2510 1091 2568 induxit
1119 2512 1147 2569 ei

177 2599 264 2673 pater
290 2616 456 2657 novercam.
501 2600 574 2658 haec
601 2618 632 2657 se
653 2601 760 2658 incesti
788 2618 806 2657 a
834 2617 919 2658 caeco
943 2598 1044 2674 appeti
1066 2600 1147 2675 patri

177 2688 319 2761 insinuat,
342 2706 488 2745 venenum
506 2689 597 2746 etiam
614 2688 661 2746 illi
679 2688 780 2763 parari
798 2687 878 2763 quod
895 2688 1010 2746 iuvenis
1028 2688 1060 2745 in
1080 2689 1147 2747 sinu

177 2775 312 2851 haberet,
336 2775 393 2834 sibi
416 2775 571 2834 dimidiam
592 2775 737 2844 bonorum
759 2778 876 2853 partem
898 2777 1087 2852 promissam,
1113 2779 1147 2835 ut

94 2887 119 2925 ao
178 2867 321 2942 porrigat.
371 2865 498 2923 intravit
536 2865 575 2924 ad
609 2883 728 2924 caecum
766 2867 860 2942 pater.
910 2867 1077 2942 interrogat
1108 2884 1146 2924 an

177 2973 249 3013 vera
267 2955 334 3014 sint.
376 2954 427 3012 ille
446 2956 544 3031 negat.
582 2954 712 3030 exquirit
727 2955 895 3030 reperitque
909 2955 1042 3013 insutum
1060 2973 1147 3014 vene·

178 3063 258 3100 num.
299 3045 418 3119 quaerit
447 3044 493 3101 cui
520 3047 664 3119 parasset.
709 3044 761 3102 ille
789 3046 876 3102 tacet.
921 3044 1034 3102 recedit
1060 3046 1147 3120 pater

207 3235 220 3282 1
245 3231 353 3286 Titulus
366 3230 438 3286 dean
451 3231 483 3284 aa
491 3239 578 3298 PVB3
591 3229 677 3284 Marti
692 3228 762 3300 fabij
778 3229 942 3300 quintiliani
957 3230 1145 3301 calaguritani

134 3317 168 3354 ex
190 3301 321 3370 hispania
344 3300 563 3356 declamationes
583 3299 725 3370 incipiunt
747 3300 869 3356 feliciter
886 3312 914 3356 Β
995 3303 1148 3370 aepistola

134 3373 303 3427 dedicatoria
321 3374 408 3427 colora
426 3379 514 3428 ecaton
532 3374 564 3426 ia
581 3382 609 3426 Ρ
681 3377 713 3426 10
732 3371 880 3443 impigrior
898 3375 936 3429 H.
1010 3378 1043 3426 19
1061 3374 1147 3428 bono-

133 3461 194 3496 rum
214 3460 264 3497 om.
279 3453 307 3497 Β
375 3448 409 3496 20
427 3445 510 3514 rogat
524 3453 552 3498 11
619 3448 652 3497 21
671 3444 852 3514 repperitque
866 3453 944 3499 m
1009 3444 1146 3499 insutum:

133 3516 162 3567 in
182 3515 245 3568 sinu
263 3524 291 3568 Β
363 3520 397 3568 aa
416 3517 596 3584 conparasact
614 3523 643 3570 ΙΙ
