2430 3952
334 228 641 284 DECLAMATIONES
660 228 718 282 XV.
738 228 810 282 XVI.
1013 228 1080 294 419

59 399 211 456 hominem
230 401 313 458 cuius
332 416 393 456 non
404 399 538 471 interest,
557 416 596 456 an
611 399 704 456 alium
722 397 892 457 interficiat.
934 400 1080 456 ettamen

62 490 161 546 aetum
184 490 230 546 est
253 488 288 547 dc
311 487 399 547 rebus
428 488 580 561 humanis,
608 489 635 546 si
658 488 722 546 sola
749 489 884 546 servetur
910 487 1079 546 utilitatum

59 576 140 635 fides.
181 576 309 652 probata
338 579 384 636 est
408 578 559 635 amicitiae
589 578 771 649 constantia,
799 577 825 635 si
852 594 900 634 me
927 595 1080 636 reversum

62 664 211 724 occiderit.
260 667 304 724 M.
324 667 407 724 itane
436 667 518 724 intra
552 684 605 725 nos
641 665 713 726 duos
743 667 796 724 ille
831 664 983 743 eligendus
1002 664 1080 725 est?

34 756 95 814 sF.
117 755 291 814 electionem
314 773 421 814 vocare
439 755 556 814 facinus
581 757 635 829 eet,
657 754 709 813 ubi
728 754 843 814 duobus
866 755 997 814 succurri
1019 773 1080 812 non

59 847 166 918 potest.
208 845 254 902 M.
273 844 403 917 attende,
427 844 543 918 stolide,
566 844 639 918 quid
661 845 793 903 interest.
835 843 905 902 inde
928 844 1080 921 alligatus,

59 934 128 991 hinc
147 937 244 991 mater
262 937 421 1008 exspectat.
459 934 495 991 F
511 934 564 1007 qui
579 931 743 1010 alligatus?
778 934 870 991 immo
883 935 982 991 totum
1000 951 1079 991 mor·

59 1023 167 1080 talium
197 1041 297 1100 genus.
339 1023 384 1080 M.
404 1040 441 1081 ne
470 1040 618 1097 properes.
661 1041 695 1081 eo
724 1021 831 1080 affectu
861 1023 948 1080 illum
975 1023 1079 1082 mitius

59 1111 203 1170 tractabit
225 1113 326 1186 pirata
349 1130 407 1186 quo
430 1111 572 1171 libentius
590 1113 723 1171 retentus
747 1113 799 1170 est.
841 1111 877 1168 F.
896 1113 988 1170 immo
1012 1128 1079 1188 gra·

19 1200 191 1260 rarioribus
214 1202 342 1260 vinculis
366 1218 440 1275 opus
463 1219 526 1260 esse
545 1201 584 1259 ad
601 1199 713 1258 bonum
732 1202 861 1258 amicum
880 1201 963 1258 dixit.
1007 1200 1080 1275 quid

59 1309 121 1348 non*
148 1294 248 1348 actum
275 1293 334 1364 est,
363 1291 399 1347 ut
428 1290 515 1348 illum
544 1288 733 1364 paeniteret?
775 1293 807 1348 at
833 1289 886 1347 ille
916 1289 1079 1348 clamabat:

58 1380 197 1453 lacerate,
220 1381 308 1452 urite,
331 1381 432 1436 tamen
455 1381 629 1438 revertetur.
671 1381 716 1438 M.
735 1379 841 1437 matris
865 1379 1078 1452 calamitatem,

60 1469 242 1542 saevissime,
265 1466 420 1546 neglegis?
460 1469 497 1526 F.
515 1469 646 1526 minime.
690 1468 762 1542 quid
785 1469 865 1525 enim
893 1485 952 1526 non
976 1467 1079 1526 darem

58 1576 113 1632 pro
136 1558 202 1616 luce
224 1559 330 1616 matm's
355 1558 416 1631 qui,
438 1560 473 1615 ut
495 1576 562 1616 eam
584 1557 725 1631 riderem,
751 1557 880 1615 amicum
904 1554 992 1614 dedi?
1031 1558 1078 1615 M.

19 1666 44 1706 m
59 1666 112 1705 cur
133 1647 220 1704 illum
240 1646 312 1719 adia
335 1647 395 1704 nisi
418 1648 443 1706 si
465 1647 562 1724 magis
581 1644 703 1724 diligis?
743 1646 780 1703 F.
800 1664 835 1704 ea
858 1648 904 1704 est
921 1646 1009 1718 ratio,
1032 1665 1079 1719 ne,

59 1735 111 1793 ubi
133 1754 192 1793 non
215 1754 345 1810 prosum,
368 1734 412 1793 ibi
434 1755 481 1794 me
505 1736 672 1795 (1111111111.
713 1736 758 1794 Μ.
779 1734 852 1810 quid
874 1734 1001 1810 periculi
1024 1737 1079 1809 est,

60 1827 93 1896 si,
112 1824 164 1882 ubi
183 1824 270 1884 ambo
284 1824 472 1899 tenebantur,
489 1843 566 1884 unus
586 1821 714 1883 evadat?
754 1824 791 1883 F.
806 1824 885 1882 audi.
928 1841 982 1901 ego
1000 1822 1080 1883 hunc

59 1914 162 1972 videor
180 1916 363 1991 excogitasse
381 1913 518 1986 colorem,
542 1916 573 1972 11
592 1913 671 1988 quod
692 1913 827 1972 detineor
845 1913 1004 1987 amicitiae,
1026 1931 1078 1971 vo·

59 2005 145 2062 catur
166 2002 334 2062 infirmitas.
376 2004 421 2061 M.
440 2004 546 2062 notum
570 2007 615 2062 est
643 2003 723 2078 quod
749 2004 861 2061 reverti
885 2002 998 2061 niteris.
1040 2003 1078 2060 F.

18 2113 45 2151 ao
59 2092 108 2152 An
130 2094 241 2151 1111111
264 2093 424 2166 voluerim,
447 2093 506 2151 nisi
528 2094 673 2165 revertor,
697 2090 765 2150 sciri
789 2111 848 2150 non
870 2090 990 2167 poterit.
1031 2092 1077 2148 M.

59 2182 101 2239 dii
124 2181 208 2256 boni,
232 2184 347 2257 quauta
369 2200 421 2257 spe
444 2181 552 2240 decidi!
581 2183 614 2240 in
637 2181 736 2240 reditu
760 2183 814 2239 tuo
837 2180 953 2256 aliquid
975 2181 1079 2257 gaudii

59 2272 186 2346 speravi,
209 2289 269 2330 non
293 2271 445 2330 abiturum
466 2270 609 2330 intellexi.
650 2271 687 2328 F.
707 2289 761 2348 ego
785 2288 855 2328 vero
879 2271 969 2329 altius
993 2288 1078 2345 prae-

59 2361 175 2434 cipitor.
217 2362 249 2418 in
271 2360 371 2419 reditu
393 2378 458 2419 meo
483 2378 501 2418 a
525 2362 621 2418 matre
650 2359 764 2434 aliquid
788 2360 938 2418 famosum
961 2377 1078 2432 exspec-

58 2449 174 2522 tabam,
215 2468 262 2507 me
303 2451 494 2508 remissuram
531 2448 693 2508 credebam.
753 2449 883 2506 Maon
923 2448 1078 2522 intelligis,

17 2557 44 2597 11
59 2536 273 2611 crudelissime,
309 2557 364 2613 pro
400 2540 431 2595 te
468 2539 568 2597 oculos
610 2537 709 2596 amisi!
759 2537 796 2594 F.
826 2539 858 2595 at
894 2537 1007 2594 amicus
1048 2538 1078 2593 et

59 2645 165 2700 corpus
189 2629 219 2684 et
242 2627 387 2700 animam,
409 2626 484 2684 mihi
511 2626 682 2701 arbitrium,
712 2626 769 2684 tibi
798 2625 894 2683 filium
917 2624 1077 2701 praestitit.

58 2718 92 2773 tu
115 2718 182 2774 tuos
206 2715 342 2788 amisisti,
364 2734 403 2773 ne
424 2732 526 2791 posses
543 2714 692 2791 prodesse,
713 2715 766 2773 ille
788 2732 858 2774 suos
881 2715 1021 2788 servavit,
1043 2715 1079 2772 ut

31 2858 32 2862 ,
58 2806 159 2879 posset
186 2803 340 2862 redimere.
381 2805 427 2863 vis
457 2805 532 2862 11111
561 2804 634 2879 quid
663 2805 780 2879 patitur
812 2804 934 2863 amicus.
976 2820 1085 2871 excae,

59 2895 140 2952 cavit
163 2896 193 2952 te
216 2892 296 2968 quod
319 2911 373 2969 ego
393 2894 435 2952 111
457 2892 588 2951 tenebar.
630 2894 676 2951 M
696 2890 790 2968 quid?
830 2911 927 2952 nonne
950 2892 983 2949 in
1004 2891 1076 2951 filiis

16 2985 184 3044 ornaturae
207 2983 268 3056 ius,
290 2983 425 3041 caritatis
454 2981 629 3041 servitutem
656 2979 821 3041 habemus?
861 2983 897 3039 F.
918 2999 972 3058 ego
998 2983 1077 3040 certe

58 3072 155 3131 nullos
178 3075 252 3147 puto
281 3072 364 3130 nasci
390 3072 523 3130 affectus.
566 3070 712 3147 quidquid
739 3072 923 3146 propinquos
948 3071 1077 3130 invicem

58 3162 148 3236 ligat,
172 3161 306 3220 amicitia
329 3163 375 3220 est
397 3179 474 3236 quae
497 3160 649 3236 omnibus,
677 3178 725 3218 me
748 3159 859 3234 iudice,
882 3158 969 3218 rebus
991 3178 1076 3234 prae·

58 3248 181 3308 ferenda
205 3253 235 3309 et
252 3249 382 3308 tenenda
400 3253 453 3310 111.
494 3251 540 3308 Μ.
560 3251 586 3308 11
609 3248 745 3309 omnibus
769 3250 849 3308 etin
873 3267 983 3323 omnes,
1005 3250 1078 3307 tunc

132 3406 145 3453 1
166 3401 316 3456 interficiet
338 3411 384 3455 VB
453 3406 470 3454 3
489 3417 664 3456 reversurum
678 3410 756 3454 nvn
825 3399 1036 3455 Saffectumn

57 3472 150 3525 minus
166 3482 194 3526 11
267 3479 300 3526 12
318 3473 392 3526 urite
411 3490 461 3529 111.
481 3482 527 3526 VB
598 3479 630 3526 17
650 3475 799 3527 teneantur
817 3482 863 3525 VB
934 3477 966 3524 19
987 3471 1075 3540 quod:

58 3557 143 3612 quam
165 3552 212 3599 VB
273 3549 403 3599 cavero:
423 3546 595 3599 certe-nvn
669 3549 703 3598 29
722 3544 796 3597 filius
820 3554 841 3597 v
905 3549 939 3595 30
958 3543 1015 3597 ius:
1034 3542 1076 3596 ris

61 3624 107 3669 111
159 3614 439 3670 eainomnibuea
682 3650 685 3657 -
835 3651 838 3657 -
928 3654 932 3660 .

868 3703 923 3754 Ml*
