2430 3952
398 229 630 285 DEOIAMAIIO
649 229 740 284 IIVIII
754 235 867 284 11-13.
1073 231 1136 296 331

125 399 192 459 ideo
214 402 365 475 torquere,
391 402 426 458 ut
448 400 538 474 scias,
566 417 605 457 an
626 400 766 458 innocens
789 401 972 475 torqueatur.
1018 399 1139 458 unicum

124 491 211 564 pater
224 488 342 566 ignibus
357 488 587 564 verberibusque
604 489 785 564 interrogem
803 505 885 566 roge,
904 489 976 564 quid
994 489 1138 563 facturus,

125 579 151 636 si
173 576 402 655 pernegaverit?
446 576 593 654 videlicet,
616 579 651 635 ut
673 575 785 650 laudes,
808 577 913 636 deinde
937 577 1081 652 dimittas,
1104 580 1139 637 ut

125 667 313 742 amplectaris
336 669 458 743 perusta
484 665 592 725 vitalia
615 668 645 724 et
667 665 758 724 laceri
779 668 907 742 pectoris
930 667 1054 726 vulnera
1076 669 1138 742 pie-

98 756 182 815 stati
209 774 312 815 rursus
340 756 505 815 admoveas.
553 756 633 814 solus
661 757 795 830 superest
822 754 918 830 pudor
944 756 1059 814 homini
1087 758 1139 831 qui

124 844 213 904 torsit
235 845 363 920 unicum,
386 847 421 904 ut
442 848 582 920 torquere
605 843 747 903 debuerit.
785 844 878 903 faciat
899 847 930 903 te
953 862 1069 903 necesse
1093 846 1139 903 est

123 951 169 991 res
197 933 257 992 ista
283 933 445 1009 pessimum
474 936 604 1009 patrem,
637 936 667 992 et
695 933 791 992 oderis
820 936 938 1009 oportet
968 933 1063 991 filium
1091 935 1139 992 cui

124 1023 295 1082 satisfacere
318 1041 377 1082 non
399 1024 504 1099 possis.
549 1023 672 1080 iamiam
694 1021 774 1081 malo
797 1041 924 1097 venena,
947 1023 1067 1097 ferrum,
1091 1041 1138 1081 su·

122 1110 201 1170 bites
234 1111 310 1171 ictus
352 1111 592 1188 inprovisamque
628 1114 761 1170 mortem.
815 1114 961 1171 incestum
995 1112 1047 1187 qui
1078 1131 1138 1171 non

81 1219 109 1261 ro
123 1199 228 1275 eredit,
251 1203 390 1276 torquere
413 1220 473 1259 non
496 1200 595 1275 debet,
619 1201 673 1275 qui
696 1200 803 1273 eredit,
827 1202 930 1259 statim
953 1199 1041 1259 debet
1064 1203 1139 1261 ocei-

122 1288 199 1347 dere.
244 1290 372 1364 quodsi
395 1291 543 1349 tormenta
567 1289 659 1348 etiam
681 1289 736 1347 fiIiI
758 1289 886 1365 placent,
910 1291 935 1347 si
957 1291 1139 1364 praestanda

123 1381 168 1436 est
186 1379 352 1437 satisfactio
369 1380 434 1436 tam
452 1377 573 1437 nefandi
590 1380 726 1452 rumoris,
750 1380 845 1455 exigo,
868 1397 904 1436 ne
922 1379 1029 1454 perdas
1048 1397 1137 1454 quae-

123 1467 263 1525 stionem:
285 1467 318 1524 in
340 1467 438 1525 media
457 1469 589 1540 civitate,
611 1467 644 1524 in
661 1467 729 1542 ipsa
747 1467 893 1526 constitue
912 1467 1002 1541 fama,
1026 1468 1139 1528 advoca

92 1578 99 1593 ·
123 1555 191 1613 illos
204 1555 361 1633 malignos,
379 1556 448 1614 iilos
462 1556 600 1632 loquaces
620 1557 650 1614 et
663 1555 774 1614 saeculi
787 1556 984 1631 remexquire
1000 1557 1138 1616 audiente

83 1661 109 1703 15
123 1643 243 1719 populo.
290 1663 390 1702 coram
412 1643 548 1704 omnibus
571 1645 706 1719 torqueri
728 1643 828 1719 debet,
859 1645 895 1703 de
919 1664 977 1720 quo
1000 1645 1140 1704 locuntur

124 1750 231 1791 omnes.
277 1734 441 1811 interroget
465 1734 590 1809 quisque
614 1733 694 1808 quod
716 1733 810 1807 volet,
833 1735 895 1793 suis
919 1733 1053 1810 auribus,
1077 1736 1138 1795 suis

123 1821 225 1880 credat
243 1822 343 1881 oeulis.
381 1841 433 1880 cur
454 1823 487 1880 in
506 1822 639 1881 abditam
658 1823 860 1898 semotamque
883 1825 1000 1897 partem
1022 1825 1137 1884 iuvenis

123 1909 301 1969 abducitur?
337 1914 482 1970 secretum
507 1912 690 1986 quaestionis
717 1930 771 1970 nec
793 1913 906 1970 incesto
929 1911 991 1970 fiIie
1015 1913 1139 1972 debetur

122 2019 176 2058 uec
198 1999 357 2059 innocenti.
395 2000 471 2060 dabo
495 2000 592 2060 adhuc
618 1999 696 2059 inter
719 2003 865 2060 secretum
891 2001 1138 2075 publicationem-

82 2107 109 2148 ao
124 2107 180 2163 que
204 2092 479 2164 temperamentum.
526 2090 638 2148 advoca
662 2090 859 2165 propinquos,
888 2089 994 2149 adhibe
1017 2094 1138 2167 amicos,

123 2178 309 2253 circumpone
332 2179 434 2238 iuveni
457 2180 547 2238 serios
571 2197 668 2253 senes,
693 2177 833 2237 intersint
854 2180 1063 2256 magistratus,
1086 2181 1138 2240 ad-

123 2268 231 2326 sistant
254 2268 361 2343 quibus
380 2268 488 2327 habere
506 2269 602 2342 possit
621 2269 726 2326 civitas
745 2267 841 2327 fidem.
878 2272 1030 2344 praestare
1049 2270 1137 2330 debes

124 2357 176 2413 aut
198 2355 268 2430 tibi,
294 2359 328 2414 ut
350 2356 476 2432 probare
498 2356 607 2431 possis,
635 2359 662 2415 si
684 2357 833 2417 confessus
856 2357 960 2432 fuerit,
989 2361 1043 2417 aut
1066 2358 1137 2433 filio,

123 2445 149 2501 si
167 2446 382 2522 pernegaverit.
419 2449 452 2505 at
469 2450 513 2519 tu,
535 2445 671 2520 nefande,
693 2445 828 2519 erudelis,
851 2446 934 2505 tollis
954 2449 1136 2521 quaestionis
1152 2447 1191 2504 Ia

78 2527 109 2592 ‘as
124 2533 250 2590 alteram
276 2536 406 2608 partem,
434 2534 540 2608 efficis,
568 2553 604 2592 ne
631 2536 727 2609 possit
755 2535 883 2609 amplius
911 2535 1049 2594 innocens
1075 2554 1137 2596 esse

124 2623 176 2696 qui
198 2623 294 2680 tortus
318 2624 370 2680 est.
413 2623 487 2698 quid
510 2625 604 2700 agunt
627 2626 730 2682 contra
752 2624 897 2698 populum
919 2625 1070 2682 tormenta
1093 2643 1136 2683 se-

123 2708 225 2768 creta?
270 2709 417 2786 praedica,
440 2714 542 2784 testor,
564 2713 674 2771 iterum
697 2711 807 2771 dantur
829 2713 969 2789 malignis
993 2713 1137 2772 alimenta

122 2800 319 2874 sermonibus,
352 2802 382 2858 et
414 2819 432 2858 a
460 2802 634 2876 quaestione
666 2802 796 2876 seposita
827 2801 859 2858 in
892 2803 989 2860 maius
1021 2802 1138 2861 reditur

195 3083 331 3131 lnocens
350 3085 400 3129 Β.1
468 3075 620 3147 {torquetur
637 3084 672 3144 B,
692 3092 709 3129 a
726 3087 834 3146 sapae
913 3077 1017 3145 2quid
1038 3082 1086 3132 aa·
1107 3088 1140 3133 Β

123 3146 279 3218 4pietati5
296 3150 319 3217 (s
338 3149 385 3218 er.)
400 3156 432 3200 III
501 3145 657 3201 thominis
675 3156 703 3200 Β
774 3148 850 3202 Iita
868 3157 889 3200 V
948 3149 1051 3203 oderis:
1072 3166 1136 3204 ocu-

123 3252 192 3316 lisa
255 3255 348 3308 8iam
366 3263 398 3308 II!
459 3253 586 3307 9hictus
604 3263 626 3305 V
680 3254 819 3308 incertum
836 3264 893 3312 Β,
932 3261 964 3308 10
983 3237 1139 3325 torqdreB

124 3329 156 3376 11
177 3341 209 3392 qe
223 3333 255 3378 M
306 3325 359 3378 filii
373 3325 488 3389 etiams
543 3331 576 3378 12
596 3323 718 3379 nefando
732 3331 767 3391 B,
786 3343 853 3381 corr.
870 3337 900 3394 ⁶3
915 3327 965 3381 -da
983 3337 1014 3395 V,
1032 3345 1092 3382 -am
1106 3338 1170 3399 M,

124 3400 157 3447 16
176 3411 271 3449 omnes
290 3413 339 3450 om.
356 3407 388 3463 P,
407 3413 482 3466 supr.
496 3419 517 3458 p
617 3400 650 3448 18
670 3396 812 3451 abdicitur
830 3408 857 3451 Ρ
944 3398 1049 3453 incerto
1068 3409 1096 3453 Β

122 3471 157 3519 20
176 3482 230 3535 que
248 3480 330 3532 onae
432 3470 460 3534 et
478 3474 541 3522 ante
560 3466 663 3521 adhibe
680 3477 709 3521 Β
810 3475 842 3522 21
863 3469 1052 3539 circumpone:
1071 3489 1086 3524 r
1104 3489 1137 3526 em

121 3536 208 3592 0?ss
278 3537 459 3609 magistrates
479 3539 617 3594 adsistent
634 3548 656 3591 V
728 3545 919 3596 28101111
990 3542 1084 3611 posita
1103 3553 1136 3610 Ρ,

77 3602 280 3680 'mmm
