2430 3952
439 200 673 256 onoaauario
692 202 744 257 vn
758 208 835 257 i-c.
1083 203 1144 268 141

130 373 269 447 suspecta
296 370 353 428 tibi
380 374 425 430 est
451 373 562 444 nostra
581 370 736 446 patientia.
782 371 865 431 vides
889 373 980 446 enim,
1007 372 1146 431 bortatur

129 480 184 521 nos
207 462 313 518 contra
334 458 467 519 dolorem
488 461 603 535 primae
625 460 715 519 robur
738 461 846 519 aetatis
864 460 993 519 solidum
1011 461 1144 537 plenum·

130 568 187 624 que
208 567 321 624 corpus.
360 568 450 624 quam
472 549 579 623 facilis,
602 568 693 625 quam
715 549 851 625 expedita
874 567 921 608 res
945 551 990 607 cst
1012 552 1145 626 torqueri

128 635 295 697 miserum?
331 637 432 696 adfero
456 636 495 696 ad
513 640 716 713 quaestionem
737 640 799 696 iam
820 638 989 713 planctibus
1012 639 1146 698 membra

97 749 117 790 s
130 727 266 786 liventia.
312 729 458 801 quantum
493 727 624 800 animae,
661 729 807 802 quantum
842 727 995 804 sanguinis
1032 726 1144 787 orbitas

130 816 233 876 traxit.
280 818 392 890 quanto
414 815 599 874 inbecilliora
627 818 698 874 sunt
720 817 793 875 haec
815 816 972 874 cotidianis
999 816 1143 876 lamenta-

129 905 264 965 tionibus
284 904 456 963 everberata
474 902 601 963 vitalia?
638 906 799 982 quicquam
819 924 888 983 ergo
911 905 1022 982 fingere
1044 908 1144 980 potest

129 994 180 1052 bic
201 993 308 1069 pallor,
330 993 404 1052 haec
422 995 540 1067 macies,
562 994 714 1053 bacciam
736 995 816 1053 torto
837 995 942 1052 similis
966 992 1143 1053 infirmitas?

130 1081 215 1141 adice
228 1076 316 1160 (eo),
330 1081 408 1157 quod
421 1082 498 1140 nihil
510 1083 608 1140 minus
622 1083 654 1140 in
669 1085 841 1158 quaestione
859 1084 912 1141 diu
929 1085 1024 1159 possis
1038 1083 1144 1157 dicere,

93 1172 158 1235 rosi
178 1171 334 1230 mentiaris
358 1190 449 1246 quam
467 1171 546 1246 quod
569 1171 662 1230 oculis
686 1173 771 1246 scias,
794 1175 824 1231 et
846 1171 1052 1231 brevissimum
1071 1191 1143 1231 con-

129 1261 267 1320 fessionis
290 1262 335 1319 est
358 1279 449 1337 genus
472 1260 639 1319 destituisse
663 1261 741 1336 quod
765 1261 881 1320 videris.
918 1262 1028 1336 felices,
1051 1260 1179 1336 diveat

131 1367 206 1424 quos
228 1350 325 1408 tortor
347 1350 526 1426 interrogat,
555 1351 607 1424 qui
629 1367 689 1408 non
715 1350 827 1409 habent
852 1352 885 1407 in
912 1369 966 1408 sua
995 1353 1144 1424 potestate

128 1437 291 1497 credentes.
334 1439 596 1513 impatientissima
617 1457 664 1496 ros
688 1441 734 1497 est
755 1457 849 1514 posse,
873 1457 939 1496 cum
961 1440 1045 1513 velis,
1068 1439 1144 1498 desi·
1176 1476 1179 1484 ,

129 1545 202 1586 nere
224 1528 364 1601 torqueri.

93 1638 118 1679 a
200 1611 291 1684 ‘Quin
312 1611 434 1691 potius'‚
457 1617 565 1690 inquit,
589 1610 742 1691 ‘probast'
778 1615 918 1674 fiduciam
939 1616 1070 1674 bominis
1092 1615 1143 1690 qui

131 1705 217 1778 sciat,
239 1704 295 1763 boc
317 1724 363 1763 me
386 1704 496 1763 vidisse
518 1706 622 1764 solum.
669 1706 731 1763 sine
755 1705 854 1779 dubio,
877 1705 973 1779 dives,
995 1705 1091 1763 multa
1113 1707 1143 1763 te

107 1786 272 1869 ¹poterant
294 1795 470 1871 argumenta
494 1795 680 1867 convincere,
708 1796 734 1852 si
757 1794 884 1852 deferret
907 1794 997 1867 alius,
1025 1795 1055 1851 ot
1078 1811 1143 1852 eras

130 1883 392 1942 manifestissimus
415 1900 497 1956 reus,
524 1885 551 1941 si
573 1883 648 1940 mihi
674 1901 828 1958 percussor
851 1882 1034 1958 quaerendus
1058 1885 1142 1941 esset.

132 1973 199 2046 quis
228 1971 307 2030 enim
334 1970 504 2031 credibilior
529 1973 561 2030 in
589 1971 678 2031 caedo
700 1972 841 2048 pauperis
869 1990 960 2047 quam
982 1971 1064 2030 dives
1086 1973 1144 2029 ini-

92 2057 248 2123 amicus?
289 2063 341 2120 aut
364 2061 400 2118 de
423 2079 481 2136 quo
504 2061 622 2120 facilius
646 2064 780 2120 constare
806 2063 908 2137 posset
935 2061 1041 2120 scelere
1065 2060 1144 2136 quod

130 2168 192 2209 non
205 2148 296 2208 habet
309 2143 465 2228 (testem),
481 2151 540 2208 nisi
554 2150 589 2209 de
603 2151 667 2209 sola
680 2149 816 2209 ultione?
847 2170 907 2209 non
920 2150 1035 2209 invonit
1048 2150 1145 2208 multa

130 2237 233 2312 rerba,
255 2237 373 2297 vidisse.
418 2257 472 2297 nec
493 2239 568 2297 mihi
590 2239 677 2298 debet
698 2240 795 2314 perire
817 2239 954 2313 probatio
977 2240 1049 2313 ista,
1073 2238 1144 2314 quia

130 2328 252 2403 poteras
281 2329 311 2386 et
338 2329 478 2386 accusari.
524 2327 616 2406 exigit
638 2328 841 2402 probationes,
868 2347 935 2387 cum
961 2329 1076 2387 facinus
1102 2329 1144 2385 sic

132 2416 326 2491 disposuerit,
357 2435 394 2474 ne
420 2418 516 2491 possit
544 2416 673 2492 probari.
719 2436 808 2492 quem
839 2417 913 2475 mihi
941 2436 1000 2474 nox
1029 2418 1144 2490 testem,

92 2526 119 2568 aa
132 2523 207 2580 quos
225 2508 378 2580 praestare
395 2505 496 2580 potuit
514 2506 614 2564 oculos
632 2505 721 2579 nuda,
742 2524 857 2581 semper
874 2507 1048 2564 incomitata
1070 2523 1144 2578 pau·

131 2591 255 2669 pertas?
300 2593 357 2651 tibi
385 2612 486 2653 servus
514 2614 532 2652 a
560 2597 739 2653 conscientia
769 2595 886 2654 sceleris
917 2592 1144 2652 summovendus

132 2683 200 2741 fuit
247 2684 277 2740 et
301 2683 360 2741 ista
387 2685 503 2741 ratione
527 2683 592 2758 quis
619 2685 775 2742 interesset
798 2702 885 2758 quem
911 2684 1031 2758 putares
1057 2700 1144 2756 posse

132 2768 287 2846 torqueri?
324 2773 354 2830 et
375 2774 473 2830 totum
496 2773 611 2832 facinus
633 2774 666 2830 in
688 2773 742 2830 bas
765 2774 918 2850 angustias
938 2771 1088 2848 redegisti,
1110 2774 1144 2830 ut

205 2905 318 2996 Itides
336 2951 364 2994 Β
381 2939 406 3010 (f
420 2957 494 3010 supr.
510 2944 537 3009 c)
618 2940 819 3007 tmiscserum
836 2950 865 2994 Β
942 2939 1096 2994 blivcntia
1115 2954 1146 3004 s:

133 3012 263 3068 labantia
280 3022 350 3078 ΒΜ;
368 3012 488 3067 libentia
510 3022 549 3066 Vo
636 3019 651 3066 6
670 3012 829 3066 imbelliora
847 3021 889 3080 Μ,
909 3012 935 3065 ci
952 3029 1027 3080 supr.
1042 3033 1074 3064 m

134 3088 151 3137 8
174 3083 245 3138 hacc
264 3084 363 3138 Klotz:
383 3085 411 3137 et
430 3105 452 3136 ω
512 3085 599 3138 torto:
618 3085 757 3138 tormento
776 3093 805 3149 V3
824 3085 914 3136 tortor
931 3093 959 3137 P
1029 3088 1044 3135 9
1064 3083 1144 3136 adice

134 3170 167 3210 co
180 3156 293 3225 sarpam
312 3155 392 3209 adice
411 3164 440 3221 V;
460 3155 570 3209 adicere
585 3156 686 3224 reliqui
740 3160 772 3207 12
791 3155 945 3224 interroget
962 3164 984 3206 V
1035 3159 1067 3207 13
1087 3171 1145 3208 cre-

134 3226 227 3281 dentis
243 3236 284 3291 Ββ
338 3226 464 3280 desinere
481 3243 515 3280 ecc
533 3226 659 3280 desidere
676 3236 698 3278 V
749 3231 781 3278 17
799 3228 927 3294 poteram
944 3235 966 3277 V
1016 3226 1145 3295 acquod

134 3314 249 3353 causam
262 3314 319 3351 non
331 3297 454 3351 habete
508 3303 540 3351 21
559 3299 661 3351 testem
675 3296 739 3352 odd.
753 3299 831 3352 Desa
842 3315 872 3366 p.
883 3301 921 3351 89
975 3303 1008 3350 22
1027 3296 1143 3350 vidisse:

133 3368 237 3423 vidisse
255 3368 298 3423 ibi
315 3370 358 3422 est
372 3368 559 3422 nominativus
576 3384 656 3422 casus
675 3369 707 3422 cic
723 3385 809 3439 marg.
824 3390 855 3421 m
908 3367 1038 3437 probatio
1052 3369 1145 3436 perire

133 3440 190 3494 ista
208 3450 250 3508 M3
269 3440 398 3510 probatio
417 3441 473 3493 ista
491 3439 582 3508 perire
601 3453 616 3505 β
670 3444 702 3492 23
722 3439 860 3494 accusari:
879 3440 890 3492 i
908 3441 940 3492 ia
952 3457 1006 3494 ras.
1022 3443 1066 3507 (eac
1079 3441 1104 3508 e)
1118 3448 1147 3492 Β

135 3517 170 3567 24
192 3511 412 3581 deposuerim,
436 3510 481 3565 vel
503 3511 574 3580 disp.
593 3528 667 3581 supr.
682 3532 713 3563 m
803 3517 836 3565 25
861 3512 889 3565 et
911 3510 1076 3564 incomitata
1095 3520 1144 3577 βας

133 3582 355 3651 incomitataque
373 3591 406 3636 Μ
