2430 3952
360 208 594 264 DECLAMATIO
613 210 652 264 IV
666 215 761 265 9-11.
1027 214 1079 277 Π

55 383 135 442 tium
157 381 236 441 vices
258 380 291 438 in
313 379 448 439 ordinem
470 379 665 438 mortalitatis
688 382 776 439 natus
799 380 877 439 bona
899 383 1002 440 nostra
1024 384 1069 440 vi-

57 471 144 547 disti3
162 470 287 528 admitte
304 471 448 545 posteros,
466 467 536 527 cede
554 469 748 528 venientibus.
785 472 879 529 nescis
897 473 937 545 te,
956 473 1068 546 quanto

56 560 170 618 diutius
192 559 312 633 vixeris,
334 559 420 617 tanto
443 558 539 636 magis
561 558 781 633 impatientiam
803 557 928 634 parere?
974 579 1068 635 quan-

56 647 198 708 tumlibet
219 648 417 724 prorogantur
438 648 583 721 tempora,
605 649 768 724 iungantur
791 650 913 723 aetates,
936 648 1067 723 quando·

30 756 114 813 sque
136 739 238 796 tamen
262 755 321 796 non
343 737 443 812 potest
460 754 520 793 non
543 737 623 794 exitu
640 738 737 821 perire
755 737 855 796 miseri
874 737 926 812 qui
943 738 1070 795 moritur

27 846 30 850 ·
56 827 178 885 invitus.
204 826 322 884 miraris
337 824 416 900 quod
435 843 573 900 suprema
590 842 657 884 mea
673 824 738 900 ipse
755 826 957 902 praeeipitem.
985 845 1069 884 num-

58 915 130 991 quid
154 914 234 974 enim
256 934 316 973 non
343 914 399 972 hoo
422 915 516 990 agunt
539 913 650 991 singuli
672 912 756 972 dies?
801 917 896 975 omnis
919 933 972 974 nos
995 916 1069 974 hora

55 1022 110 1080 per
136 1003 246 1063 tacitos
273 1003 469 1078 fallentesque
497 1019 597 1061 cursus
630 1003 763 1079 applicat
789 1003 866 1079 fato,
895 1006 925 1063 et
951 1005 983 1062 in
1012 1005 1068 1063 hac

56 1093 232 1169 turpissima
262 1091 472 1168 perpetuitatis
504 1092 685 1170 cogitatione
717 1091 846 1151 districti
876 1112 930 1168 per
961 1094 1068 1171 exigua

16 1181 238 1244 roiestinantis-
255 1180 321 1240 aevi
347 1183 497 1240 momenta
523 1181 746 1255 praemorimur.
791 1182 936 1241 faciamus
967 1183 1067 1258 potius

56 1271 93 1330 de
109 1270 170 1330 line
187 1269 358 1345 remedium,
377 1269 413 1327 do
431 1271 607 1328 necessitate
626 1270 777 1345 solacium,
797 1289 933 1330 exeamus
952 1274 1067 1347 sponte,

56 1359 194 1433 consilio,
225 1359 308 1434 pleni
339 1358 521 1433 securitatis,
553 1358 665 1437 gratias
698 1361 827 1437 agentes.
880 1360 960 1419 solus
992 1361 1068 1419 vixit

56 1448 157 1525 quoad
179 1448 286 1522 voluit,
310 1447 362 1523 qui
384 1448 461 1506 mori
482 1448 605 1506 mavult.

123 1536 295 1614 indulgete,
317 1553 440 1612 quaeso,
463 1554 568 1595 saevae
590 1537 750 1612 tristesque
774 1555 893 1612 causae,
914 1536 1068 1614 indulgete
1083 1539 1119 1592 11

14 1647 41 1690 rs
54 1627 193 1701 virtutes,
216 1627 251 1683 ut
272 1625 349 1685 mori
370 1627 525 1700 tamqnam
547 1644 656 1703 magno
679 1627 779 1685 animo
801 1627 899 1685 velim.
940 1627 985 1685 ita
1007 1644 1068 1685 non

55 1714 168 1774 sufficit
190 1714 230 1773 ad
247 1714 440 1774 maturandos
463 1715 558 1774 exitus
582 1714 661 1790 quod
679 1715 799 1773 fortiter
816 1713 893 1774 feei?
933 1715 1068 1773 infirmae

54 1821 177 1880 prorsus
198 1806 392 1878 terrenaeque
415 1805 523 1862 mentis
546 1805 604 1878 est,
631 1806 666 1862 ut
688 1805 848 1863 numeratis
870 1821 977 1879 ann0s3
1004 1822 1067 1882 ego,

56 1911 134 1970 quae
156 1893 328 1952 felicissima
350 1892 399 1951 vel
416 1891 561 1952 lassitudo
581 1893 629 1952 vel
652 1894 775 1952 satietas
794 1895 847 1967 est,
869 1894 981 1952 virtute
1000 1911 1067 1952 eon-

56 1984 151 2043 senui.
189 1981 262 2057 quid
285 1981 381 2040 adhuc
402 1983 481 2040 inter
499 1981 663 2040 accidentia
685 1982 867 2059 fragilesque
886 2000 970 2041 casus
989 1980 1068 2060 ago?

14 2093 43 2134 ao
55 2072 145 2130 homo
163 2072 300 2146 receptus
318 2071 351 2128 in
371 2070 507 2146 publicas
529 2071 745 2148 gratulationes
767 2071 953 2146 praesentiae
971 2072 1067 2130 humi-

55 2161 145 2220 litate
163 2159 304 2219 decresco.
341 2161 469 2218 minores
487 2159 562 2219 fiant
579 2178 696 2220 necesse
715 2161 760 2219 est
778 2160 975 2218 diuturnitate
994 2178 1067 2235 quo-

54 2269 124 2307 rum
145 2248 236 2308 initia
257 2247 466 2308 confirmavere
489 2266 652 2323 successus,
681 2267 748 2308 cum
770 2249 831 2308 iam
853 2267 906 2308 nec
929 2249 1067 2325 operibus

56 2355 111 2397 nec
132 2337 272 2397 felicitati
293 2339 388 2412 possit
409 2337 553 2396 accedere.
591 2356 657 2397 cum
675 2338 797 2397 fortuna
815 2358 900 2397 ruere
918 2338 1068 2396 dementia

56 2429 103 2487 est
129 2428 161 2486 et
187 2429 317 2486 aetatem
342 2427 461 2485 trahere
484 2429 663 2502 pereuntem.
709 2427 807 2486 nullos
835 2446 889 2505 ego
913 2444 995 2485 senes
1018 2426 1066 2484 de·

13 2536 42 2578 as
55 2535 127 2594 gere
157 2515 274 2591 turpius
305 2517 379 2591 puto
409 2533 499 2590 quam
532 2515 584 2591 qui
614 2515 770 2575 fortissimi
801 2517 929 2575 fuerunt.
976 2515 1052 2573 vulti

130 2671 164 2720 10
183 2665 305 2722 SGHOL.
315 2666 346 2720 in
360 2664 488 2720 LVCAN.
499 2671 584 2735 4,478
599 2669 639 2737 (p.
648 2671 703 2722 133
717 2668 827 2738 Usener)
843 2665 969 2721 ...unde
981 2664 1067 2730 Quin-

55 2736 187 2793 tilianus:
206 2736 343 2792 faciamus
358 2737 393 2791 de
407 2737 462 2792 fine
475 2737 553 2808 (fune
566 2739 654 2808 codd.)
668 2738 830 2805 remedium,
850 2738 886 2792 de
899 2737 1020 2792 necessit
1038 2740 1067 2792 te

54 2809 196 2864 virtutem.
235 2808 309 2863 solus
326 2808 405 2876 vixit¹
425 2809 519 2877 quoad
536 2808 634 2877 voluit,
654 2810 703 2878 qui
720 2809 792 2863 mori
809 2809 918 2863 maluit.

129 2933 277 2988 3vixeris:
292 2933 425 2998 vicerise
469 2933 604 2987 emisere
622 2943 644 2985 V
686 2933 840 2988 tinvictus
854 2943 887 2986 M
930 2936 1066 3003 legunt:

56 3021 140 3077 agam
153 3005 489 3074 11‚dcl.ctdtsapr.m
543 3021 638 3059 omnes
652 3015 711 3058 ΒΜ
727 3005 781 3075 (vel
800 3005 889 3059 omnis
907 3022 981 3074 supr.
996 3008 1067 3074 mla

57 3076 195 3132 stacius
214 3089 229 3142 s
300 3080 316 3129 9
335 3075 463 3131 destricti
480 3085 574 3140 Buce
646 3082 678 3131 11
701 3077 736 3131 de
755 3076 809 3130 fine
828 3076 994 3130 remedium:
1019 3077 1067 3129 de-

56 3148 137 3203 finire
159 3147 284 3202 medium
306 3146 432 3218 (definire
455 3163 488 3202 ea
511 3145 636 3201 delenire
654 3149 690 3217 Β)
708 3157 760 3201 ω
829 3153 861 3201 11
885 3147 956 3201 vixit
974 3148 1067 3216 quoad

56 3218 157 3273 voluit:
176 3219 302 3288 vixitque
320 3217 446 3279 advoluit
464 3228 492 3272 Ρ
571 3223 605 3271 14
622 3219 759 3288 tristeque
776 3229 798 3271 V
875 3224 908 3272 16
927 3219 1066 3272 infirmae:

56 3290 203 3358 inmaerll,
220 3290 382 3359 drumm
437 3295 470 3343 l'l
489 3306 601 3359 prossus
619 3299 652 3342 M
704 3295 736 3344 19
756 3290 837 3358 quid:
857 3290 876 3343 d
894 3293 1033 3346 iurasti

55 3378 83 3469 i¹t¹
96 3423 137 3483 Β,
154 3425 263 3485 supro
348 3419 381 3468 23
400 3430 453 3469 nec
470 3424 569 3483 om.1’,
592 3432 702 3484 supra
787 3414 914 3469 accidere
932 3424 996 3478 Bvs

54 3501 148 3542 ruere:
166 3485 320 3557 revere'(re
333 3501 400 3541 vera
417 3489 445 3557 ι)
464 3496 503 3554 153
521 3501 584 3540 vere
604 3495 625 3539 ι’
693 3504 731 3542 au
750 3486 907 3540 dementiae
926 3485 996 3540 est?

55 3554 202 3649 arada
219 3561 247 3646 'r'
313 3592 407 3647 nurus
421 3603 449 3646 r
1095 3590 1156 3728 Ι
