2430 3952
120 174 164 240 24
458 172 593 229 CAEGVS
611 171 651 226 IN
669 173 796 227 LIMINE

121 346 266 420 negasset.
309 340 452 401 adductus
477 343 514 402 ad
536 343 631 402 filium
655 361 744 403 senex
767 342 843 401 dixit
864 345 965 402 iuveni
987 342 1137 418 quicquid

121 432 264 491 audierat.
301 451 460 508 nunquam,
483 431 604 508 iudices,
624 436 688 491 tam
706 430 848 508 simplicis
867 432 1053 492 innocentiae
1072 432 1137 492 fuit

120 521 236 579 facinus
259 539 375 597 negare.
411 540 471 580 non
494 525 570 581 esset
589 541 677 582 ausus
700 521 815 580 iuvenis
834 539 934 580 coram
952 539 987 580 ea
1004 522 1135 581 muliere

120 609 240 668 mentiri
263 628 338 685 quae
360 610 492 686 prodidit
510 613 540 670 et
560 611 629 670 sciit
648 612 700 670 ubi
722 612 799 669 esset
815 629 969 669 venenum.
1006 612 1041 670 ut
1060 630 1135 670 vero

120 699 213 758 sensit
230 699 334 757 infelix
351 699 513 758 instantem
531 719 687 759 novercam
706 699 975 775 postulantemque,
994 700 1029 757 ut
1047 699 1134 758 sinus
1162 719 1175 760 e

120 789 234 848 iuvenis
258 788 469 863 exquireretur,
492 791 563 847 tunc
586 808 656 848 vero
681 786 840 862 attonitus,
862 787 986 847 haerens
1010 790 1040 847 et
1065 791 1135 848 tota

119 878 265 936 malornm
288 895 408 936 suorum
431 878 613 954 cogitatione
637 879 774 937 confusus
798 877 945 935 intellexit
967 876 1022 936 hoc
1042 897 1135 955 argu·

120 969 253 1025 mentum
285 967 348 1025 eius
376 984 437 1024 esse
466 985 541 1040 quae
573 970 721 1042 parasset,
753 968 787 1025 ut
813 968 915 1042 posset
942 965 1135 1041 deprehendi.

120 1056 213 1133 igitur
240 1074 377 1130 propere,
404 1055 582 1114 festinanter
609 1057 709 1115 omnia
735 1054 867 1114 membra
891 1057 1078 1130 pertractans
1103 1059 1136 1114 et

119 1145 222 1202 mersis
245 1145 277 1201 in
300 1145 397 1201 sinum
420 1143 565 1219 manibus,
589 1144 659 1203 dum
682 1146 788 1204 cuncta
811 1143 1036 1219 suspicionibus,
1060 1144 1134 1202 dum
1150 1165 1176 1204 rc

85 1235 206 1290 dtactu
232 1233 347 1291 iuvenis
376 1233 523 1308 explorat,
551 1253 695 1293 venenum
722 1234 836 1309 primus
862 1234 985 1291 invenit.
1030 1232 1136 1309 laudo,

120 1321 245 1396 iudices,
272 1322 472 1381 innocentiam
499 1323 624 1397 silentii,
652 1323 742 1382 lando
768 1321 908 1380 fiduciam
933 1321 1012 1396 quod
1039 1322 1135 1381 inter-

120 1413 242 1487 rogatus
266 1410 313 1468 cui
334 1413 478 1486 parasset,
501 1430 560 1470 non
583 1414 702 1487 putavit
726 1410 783 1469 sibi
806 1410 1021 1470 defendendum
1043 1430 1134 1470 vene-

120 1519 199 1556 num.
244 1519 307 1558 rem
330 1501 402 1575 quin
429 1500 520 1560 immo
547 1501 619 1559 fecit
646 1501 709 1560 eins
733 1499 784 1576 qui
811 1502 900 1559 sciret
926 1503 1043 1575 patrem
1070 1519 1134 1559 non

120 1589 308 1663 crediturum,
332 1593 361 1646 et
375 1621 419 1630 —
434 1609 509 1664 quae
527 1589 657 1648 maxima
676 1593 721 1648 est
739 1588 924 1648 innocentiae
943 1590 1176 1650 contumaciam

122 1677 397 1753 —persuasionem
416 1680 495 1737 senis
513 1679 597 1736 nulla
613 1680 709 1738 voluit
727 1679 916 1737 excusatione
935 1696 1134 1753 corrumpere.

119 1766 260 1824 nonfuit
286 1766 361 1824 illud
388 1766 563 1842 trepidatio,
591 1787 651 1826 non
677 1769 771 1826 tacita
796 1768 949 1826 confessio.
995 1768 1134 1843 quisquis

119 1855 209 1913 habet
231 1874 390 1929 venenum,
412 1855 503 1913 habet
526 1859 556 1913 et
579 1856 658 1931 quod
680 1856 858 1932 respondeat
881 1855 1086 1931 deprehensus,

183 1940 270 2002 'Fecit
292 1946 360 2019 post
382 1943 455 2003 haec
473 1962 561 2003 senex
578 1963 642 2002 rem
659 1945 786 2004 hominis
806 1964 894 2020 quem
911 1963 971 2003 non
989 1946 1136 2004 movisset

120 2032 262 2107 quicquid
293 2031 454 2091 invenerat.
500 2052 560 2091 non
594 2035 684 2092 torsit
719 2034 883 2092 ministeria
921 2035 1000 2092 caeci
1032 2037 1062 2092 et
1095 2033 1134 2093 de
1149 2055 1178 2095 ao

120 2121 242 2194 scelere,
268 2123 300 2177 in
324 2141 382 2196 quo
410 2122 490 2181 solus
518 2141 625 2181 nocens
654 2140 716 2181 esse
742 2122 893 2198 parricida
917 2141 976 2181 non
1004 2125 1134 2199 poterat,

119 2228 179 2268 non
198 2210 339 2286 explicuit
358 2211 490 2269 ordinem
509 2211 699 2286 quaestionis
718 2211 778 2287 sed,
793 2211 872 2286 quod
890 2212 958 2286 plus
978 2214 1022 2270 est
1040 2229 1135 2287 quam

120 2299 285 2372 absolvere,
312 2300 427 2358 remisit
453 2301 555 2359 iuveni
578 2300 786 2360 defensionem.
831 2303 934 2359 utrum
957 2300 1063 2359 deinde
1086 2301 1135 2359 in-

119 2389 245 2446 tellectis
274 2388 448 2447 deterrimae
476 2389 609 2448 mulieris
637 2390 753 2448 insidiis
780 2389 877 2447 filium
905 2389 1057 2464 paulisper
1079 2408 1134 2449 vo-

118 2477 209 2536 luerit
232 2476 456 2537 exheredatione
478 2482 633 2557 protegere
657 2483 686 2537 et
704 2479 877 2556 diligentins
896 2478 931 2536 de
950 2479 1133 2553 patrimonio
1149 2500 1177 2542 ae

119 2585 172 2624 suo
197 2566 413 2625 deliberaturus
432 2568 552 2626 interim
571 2569 744 2644 captaverit,
767 2570 802 2626 ut
824 2567 975 2626 videretur
996 2566 1133 2627 mulieris

120 2656 279 2731 cupiditati
301 2657 363 2714 iam
385 2675 445 2714 non
468 2656 585 2715 obstare
608 2656 776 2734 privignus,
803 2676 841 2714 an
863 2657 1039 2715 facillimum
1062 2657 1134 2731 fuit,

119 2746 153 2802 ut
185 2745 442 2804 exheredationem
472 2765 590 2820 quoque
621 2747 795 2821 impetraret
826 2764 951 2804 noverca
983 2745 1064 2803 caeci
1092 2744 1134 2804 ab

118 2833 237 2891 homine
261 2834 310 2892 cui
331 2836 396 2891 tam
417 2835 513 2892 multa
540 2837 741 2910 persuaserat,
769 2833 999 2911 cogitationibus
1023 2835 1134 2894 vestris

119 2922 261 2996 relinquo.
298 2923 353 2980 hoc
375 2925 494 2981 tantum
517 2924 625 2982 dixisse
644 2925 798 2982 contentus
818 2941 896 2981 sum:
919 2925 1134 2982 testamentum
1149 2946 1179 2987 eo

192 3079 207 3125 3
228 3089 320 3127 coram
339 3089 372 3126 ea
391 3075 422 3128 iu
440 3074 518 3128 raa?
531 3085 559 3128 Β
611 3081 628 3127 4
647 3075 711 3128 sciit
724 3092 810 3144 capra
824 3075 952 3128 laeuaque
965 3074 1075 3142 scripsit
1092 3083 1134 3142 Β;

119 3162 153 3200 ea
171 3150 324 3199 correctura
342 3151 368 3198 et
384 3148 416 3199 e'a
434 3163 535 3200 rasura
553 3156 590 3213 P,
615 3147 699 3216 sciuit
716 3156 742 3199 J
810 3151 825 3199 5
844 3145 1091 3215 postulantemque
1115 3156 1139 3198 V

121 3257 135 3303 6
156 3251 317 3319 exquiretur
335 3261 372 3317 Μ,
392 3268 460 3307 corr.
475 3273 507 3304 m
579 3257 593 3304 9
612 3234 720 3321 propte
738 3262 766 3305 Β
837 3258 869 3306 11
889 3251 987 3305 laudo:
1006 3251 1135 3306 laudabo

120 3332 152 3388 P,
172 3339 239 3377 corr.
254 3345 275 3384 p
344 3327 376 3376 12
396 3323 515 3376 iudices:
534 3323 671 3376 iudicium
690 3334 723 3391 P,
742 3341 809 3378 corr.
823 3346 845 3385 ρ
909 3330 941 3377 16
961 3321 1061 3377 voluit:
1082 3339 1135 3376 no-

119 3393 173 3446 luit
192 3403 224 3445 M
294 3399 327 3446 17
350 3393 433 3448 illud:
457 3394 579 3448 veluds
652 3400 684 3447 18
709 3397 737 3448 et
759 3413 833 3464 supr.
853 3405 875 3448 V
942 3399 976 3448 20
999 3393 1082 3448 torsit
1100 3393 1134 3449 in

119 3482 276 3536 ministeria
295 3492 322 3534 P
391 3488 424 3536 25
444 3471 659 3537 exheredatione
678 3493 706 3536 Β
776 3489 810 3536 26
830 3482 985 3552 captaverit
1004 3500 1036 3538 cx
1055 3482 1093 3536 -is
1115 3493 1139 3536 V

120 3559 155 3607 28
174 3553 430 3608 exheredationem:
450 3554 660 3608 heredationem
684 3565 705 3606 V
1060 3561 1063 3567 '
