2430 3952
115 189 159 254 26
453 183 794 242 cinovsmannua

116 361 147 417 et
169 357 304 416 adfectus
327 354 435 416 osculis
462 353 677 432 blanditiisque
701 355 850 431 quaesitos
874 352 954 431 quod
980 354 1137 416 natalium

115 449 333 524 pignorumque
356 442 556 505 reverentias?
601 444 699 504 nullas
723 463 778 522 ego
801 442 919 504 facilius
944 443 1044 518 perire
1068 462 1136 504 cre·

117 536 242 594 diderim
272 554 363 613 quam
389 553 546 611 corporum
578 533 725 595 caritates.
771 535 802 592 et
830 532 901 592 licet
929 531 1135 593 matrimoniis

115 626 264 702 paulatim
286 624 453 684 reverentia
476 623 634 700 gravitatis
659 621 788 698 accedat,
810 624 936 698 possunt
960 624 1062 682 tarnen
1084 622 1134 681 di·

115 714 210 774 strabi
232 713 379 772 facilitate
397 731 457 789 qua
481 713 594 771 coeunt.
631 731 707 771 uxor
729 713 774 770 est
792 729 885 787 quam
907 712 1014 789 iungit,
1037 730 1134 787 quam
1161 729 1174 772 s

116 804 228 863 diducit
255 802 380 862 utilitas.
426 801 509 860 cuius
537 801 610 861 haec
632 801 696 860 sola
717 800 885 860 reverentia
912 801 957 860 est
980 799 1062 875 quod
1083 801 1133 862 ri·

115 893 202 952 detur
224 892 346 952 inventa
369 909 458 950 causa
482 891 649 949 liberorum.
687 889 846 965 aspicimus
868 890 1134 949 matrimoniorum

115 982 233 1059 singula
260 983 412 1039 momenta
438 979 581 1054 rixantia,
608 981 727 1038 mutant
754 978 862 1038 cotidie
890 978 992 1038 domos
1019 981 1051 1038 et
1074 999 1134 1055 per

115 1071 267 1147 amplexus
290 1070 472 1145 lectulosque
491 1068 669 1128 discmrunt.
705 1069 805 1144 placet
822 1069 914 1126 etiam
931 1068 1001 1143 post
1017 1067 1132 1129 liberos

115 1160 192 1218 alius
214 1159 349 1233 maritus,
372 1159 411 1231 et,
436 1157 513 1216 unde
536 1156 737 1232 deprehendas
760 1158 893 1216 omnium
916 1156 1060 1217 scelerum
1082 1159 1132 1219 fa·
1146 1180 1172 1221 16

114 1248 269 1321 uilitatem,
291 1248 417 1322 possunt
440 1266 499 1306 non
523 1265 622 1305 amare
641 1247 783 1305 viventes.
821 1246 902 1323 quid,
924 1245 950 1305 si
968 1245 1037 1306 huic
1055 1267 1131 1308 uxo·

113 1340 176 1396 riae
198 1337 312 1396 vilitati
329 1337 483 1396 novercale
503 1355 609 1394 nomen
628 1334 797 1413 adiungas?
828 1335 948 1394 mulieri
963 1354 1040 1410 quae
1057 1340 1132 1412 post

113 1426 223 1486 liberos
241 1426 401 1501 inducitur,
419 1426 604 1484 matrimonii
624 1444 683 1484 non
702 1425 850 1503 contingit
867 1425 933 1484 tota
951 1427 1130 1486 reverentia.

77 1515 96 1571 8
182 1514 300 1584 Quanto
336 1515 412 1575 alios
447 1516 583 1591 praestat
618 1514 752 1573 adfectus
784 1514 907 1591 diligere
938 1515 1019 1574 vitae
1050 1515 1130 1576 lucis

113 1603 287 1664 auctorem?
329 1604 416 1663 liberi
439 1605 629 1680 adparentis
652 1623 711 1663 non
735 1603 813 1662 alius
836 1603 910 1661 mihi
931 1601 1052 1663 videtur
1074 1604 1130 1663 ad·
1145 1627 1172 1668 rs

112 1696 207 1753 fectus
236 1713 326 1769 quam
353 1712 412 1769 quo
443 1713 542 1750 rerum
572 1696 692 1767 natura,
721 1711 779 1767 quo
807 1692 934 1752 mundus
965 1694 1029 1768 ipse
1058 1711 1131 1752 con·

113 1786 235 1843 strictus
255 1785 307 1842 est.
341 1785 536 1857 quisquamne
554 1781 726 1840 mortalium
746 1781 895 1841 confodiat
912 1781 989 1840 illud
1007 1799 1131 1842 sacrum

112 1872 372 1946 venerandumque
400 1889 506 1946 corpus
530 1870 610 1946 quod
632 1873 732 1946 potest
755 1890 790 1930 ex
816 1871 935 1948 ignibus
962 1872 1043 1946 rapi,
1071 1891 1129 1948 pro

115 1980 174 2036 quo
197 1961 271 2018 bene
295 1963 508 2019 consumuntur
527 1957 626 2018 oculi?
650 1979 710 2018 11611
728 1960 856 2036 invenio,
879 1960 1001 2034 iudices,
1025 1965 1130 2036 quem·

114 2049 273 2109 admodum
294 2048 390 2124 possit
413 2067 474 2107 esse
499 2050 602 2107 contra
624 2048 732 2107 liberos
755 2050 839 2108 salva
861 2051 1035 2109 reverentia.
1144 2072 1172 2115 20

179 2138 248 2196 Non
272 2141 316 2197 est
340 2137 468 2213 difficile,
492 2140 529 2196 ut
549 2139 693 2196 maritum
715 2157 789 2197 uxor
810 2137 935 2214 occidat,
958 2140 984 2198 61
1002 2157 1063 2198 11611
1081 2143 1130 2200 661

113 2226 273 2302 difficilius
296 2231 331 2285 ut
352 2226 431 2286 filius
454 2229 579 2302 patrem.
616 2230 747 2302 nonest,
769 2227 890 2302 iudices,
914 2228 994 2304 quod
1012 2229 1129 2303 putetis

112 2319 192 2376 inter
209 2317 365 2374 mulierem
384 2319 414 2374 et
432 2318 530 2374 virum
549 2315 585 2374 de
604 2317 712 2374 scelere
732 2317 844 2391 quaeri,
866 2336 962 2392 neque
982 2319 1027 2376 est
1046 2319 1131 2393 quod

112 2424 143 2465 se
166 2424 293 2464 noverca
318 2423 403 2464 sexus
431 2405 584 2465 occasione
607 2406 736 2464 tueatur.
781 2405 878 2464 maior
900 2409 946 2465 est
972 2406 1128 2468 caecitatis

112 2495 278 2554 infirmitas.
324 2496 395 2553 sunt
418 2496 448 2552 et
470 2494 588 2553 feminis
613 2494 651 2552 ad
673 2495 784 2554 scelera
807 2495 897 2570 vires,
923 2514 991 2554 cum
1014 2494 1129 2558 habent
1142 2517 1170 2560 ao

84 2660 87 2667 Ι
112 2603 217 2644 causas
240 2584 380 2644 virorum.
427 2584 500 2658 quin
522 2584 626 2659 imm0,
655 2584 682 2643 si
703 2585 881 2661 interroges,
908 2584 1028 2644 facilius
1050 2584 1128 2646 haec

75 2670 93 2726 -t
111 2676 233 2749 pectora
256 2676 367 2748 metus,
391 2672 506 2746 odium,
530 2674 577 2731 ira
600 2676 801 2749 corrumpunt.
848 2676 878 2731 et
900 2675 1042 2749 quoniam
1064 2692 1129 2734 non

111 2762 222 2821 habent
244 2761 359 2821 roboris
382 2763 514 2836 tantum,
536 2760 614 2819 unde
637 2761 712 2821 vitia
734 2763 881 2820 mentium
903 2762 1038 2837 vincant,
1061 2763 1128 2839 ple-

111 2870 237 2925 rumque
260 2851 375 2910 facinus
392 2850 566 2909 infirmitate
589 2851 731 2909 fecerunt.
768 2868 838 2911 sane
861 2853 962 2910 tamen
982 2851 1043 2911 illis
1062 2871 1128 2912 sce·

111 2939 221 2999 leribus
241 2939 374 3000 sufficere
392 2959 452 2998 11611
474 2941 590 3016 possint
614 2958 689 3015 quae
713 2939 886 3015 discursum,
906 2960 982 3015 quae
1001 2941 1129 3019 exigunt
1143 2967 1171 3007 so

111 3029 251 3087 laborem.
288 3029 369 3104 quod
391 3047 461 3088 vero
484 3032 548 3087 tam
566 3029 709 3087 muliebre
732 3031 828 3104 possis
850 3031 984 3089 invenire
1007 3030 1128 3092 facinus

184 3233 501 3306 1611661666666661
575 3240 675 3305 iege:
695 3251 761 3306 ergo
784 3245 840 3304 VM,
858 3253 926 3292 corr.
941 3259 973 3290 m
1044 3237 1128 3293 edi-

112 3305 202 3359 ducit:
227 3305 328 3359 didicit
349 3316 371 3359 V
446 3306 569 3362 videtur:
592 3306 701 3360 nidioes
720 3317 747 3359 P
826 3313 841 3360 9
866 3309 965 3363 etiam:
990 3309 1052 3373 616

112 3377 355 3444 1111616666111,
380 3377 443 3432 add.
458 3399 490 3430 m
562 3384 595 3431 12
614 3377 731 3432 vilitati:
756 3378 876 3434 utilitati
895 3393 931 3444 66
1001 3384 1034 3432 13
1058 3396 1128 3434 6611-

110 3448 209 3518 tingit:
230 3448 349 3518 contigit
362 3458 438 3501 BVP
452 3451 568 3516 fortasse
583 3455 651 3504 recte
706 3455 739 3503 14
757 3449 884 3518 lucisque
904 3463 920 3502 6
976 3456 1008 3504 15
1028 3453 1129 3506 aucto·

111 3589 181 3628 rem:
206 3576 362 3638 6616161116
385 3576 463 3644 (corr.
478 3577 503 3644 ι)
578 3580 609 3628 11
629 3537 761 3629 6611116161
779 3583 807 3626 Β
877 3580 910 3628 29
929 3574 1007 3640 illius
1026 3585 1054 3628 Β
