2430 3952
137 205 203 270 384
416 200 608 256 EXCERPTA
625 200 869 256 MONAOENSIA.

138 373 246 449 quietis
265 372 401 431 noctibus
419 389 513 448 vagus
532 373 602 429 ante
624 370 702 430 fores
720 371 899 446 lupanarum
921 371 996 448 uigil
1019 371 1156 445 expecto,

136 480 258 539 possum
280 463 437 538 navigare,
460 461 555 519 colere
576 461 685 534 terras,
708 458 842 518 redditus
864 461 910 518 est
936 459 1011 518 mihi
1033 459 1157 519 animus

139 570 197 627 quo
220 550 321 610 fierem
342 550 481 623 maritus,
510 568 569 625 quo
593 549 738 608 senectuti
760 547 920 624 liberisque
941 549 1156 624 prospicerem.

137 641 258 717 potione
281 641 312 697 te
334 638 446 698 fecerat
466 640 527 697 ista
548 638 678 711 felicem,
706 637 732 696 si
755 637 878 696 divitem
900 637 1001 713 puella
1024 637 1158 698 fecisset

137 730 194 788 hoc
221 729 316 787 solum
346 729 437 786 etiam
465 727 723 786 innocentissimae
750 727 868 802 puellae
897 745 951 802 pro
981 726 1186 786 defensiones

138 817 287 876 sufficeret
315 816 394 891 quod
423 815 498 874 nihil
527 815 599 874 iecit
625 816 672 874 sui
701 833 798 874 causa.
845 817 1008 874 amatorem
1037 813 1160 875 dimisit

140 926 216 982 quae
239 907 359 982 captare
378 905 495 979 dicitur,
518 907 553 964 ut
571 906 694 978 ametur,
719 923 794 979 quae
812 904 965 978 sollicitat,
989 923 1066 978 quae
1091 923 1160 963 cor-

137 996 253 1071 rumpit
275 994 404 1053 affectus,
450 995 575 1071 ingrate,
599 995 712 1069 quanta
735 994 770 1051 de
793 995 823 1051 te
841 995 942 1069 potuit
964 993 1061 1069 gloria
1085 993 1160 1052 frui.

138 1085 301 1144 nonenim
324 1082 438 1142 confers
461 1084 559 1158 pretia
576 1101 631 1158 pro
654 1083 751 1140 salute
769 1085 830 1140 tua.
874 1084 907 1140 in
925 1083 1036 1140 crimen
1060 1085 1161 1141 maxi-

139 1193 222 1232 mum
245 1175 345 1248 captes
368 1172 528 1231 transferre
551 1169 732 1230 beneficium.
770 1170 873 1230 bibisti
895 1172 1048 1247 potionem
1079 1190 1201 1247 quaero

139 1261 229 1321 finem
261 1260 474 1337 cupiditatibus
507 1261 604 1335 daret,
640 1262 788 1336 premeret
820 1259 967 1335 ardorem,
1007 1259 1162 1320 desideria

139 1349 338 1428 restringeret.
371 1351 484 1428 gratias
503 1368 558 1427 age
578 1349 706 1426 puellae,
724 1348 884 1424 cupiditati
896 1351 974 1408 tuae.
1003 1368 1162 1408 summum

140 1439 289 1498 mirabile!
326 1439 488 1498 remedium
508 1440 616 1498 amoris
634 1438 743 1496 mulier
755 1437 878 1496 invenit.
908 1438 987 1496 ,felix
1004 1439 1034 1496 et
1048 1440 1162 1513 potens

141 1528 237 1605 potiol
283 1528 425 1603 quicquid
446 1546 506 1586 non
528 1529 688 1603 parentum
709 1527 822 1600 minae,
847 1526 1074 1605 castigationes,
1096 1547 1162 1588 non

140 1619 310 1694 propinqui,
340 1636 400 1675 non
422 1619 597 1693 paupertas,
623 1635 683 1675 non
706 1617 865 1675 necessitas
887 1618 1007 1692 poterat
1030 1615 1162 1692 efficere,
1176 1635 1200 1676 rs

140 1708 265 1766 haustus
282 1705 390 1780 brevis,
408 1706 515 1781 facilis,
532 1725 609 1765 unus
624 1707 786 1780 extorquet.
828 1723 845 1764 o
864 1706 891 1764 si
908 1707 951 1764 sic
968 1707 1072 1780 posset
1090 1708 1163 1782 quis

142 1796 274 1854 omnium
292 1794 394 1854 odium
415 1795 515 1853 bibere
533 1796 684 1854 vitiorum.
729 1794 801 1852 felix
819 1794 953 1870 profecto
976 1795 1163 1870 mortalitas,

142 1886 168 1944 si
186 1885 287 1960 lapsus
305 1884 435 1959 reliquos
455 1886 485 1942 et
502 1885 610 1942 mentis
627 1901 739 1942 errores
759 1884 805 1943 fas
819 1885 897 1942 esset
915 1883 1015 1942 infusa
1032 1885 1162 1959 potione

124 1991 333 2048 compescere.
383 1992 442 2031 non
472 1974 531 2031 nisi
560 1971 627 2031 odio
660 1974 761 2032 sanari
789 1974 909 2048 poteras
939 1973 992 2046 qui
1019 1974 1162 2049 captivus

142 2061 229 2119 foedo
252 2060 399 2119 tenebaris
428 2080 535 2119 amore.
582 2061 686 2119 datum
708 2063 753 2120 est
780 2061 838 2119 tibi
866 2061 1027 2119 remedium
1052 2064 1163 2120 contra
1177 2081 1201 2120 ao

142 2150 280 2207 morbum
299 2168 356 2224 quo
379 2150 468 2207 multi
485 2150 644 2224 perierunt.
690 2151 716 2207 si
735 2151 844 2209 amicos
864 2150 971 2208 divites
993 2149 1163 2225 habuisses

143 2238 272 2296 multam
293 2240 451 2313 pecuniam
475 2240 703 2313 comparassent,
729 2241 755 2298 si
777 2239 909 2298 invenire
932 2241 1055 2314 possent
1078 2239 1164 2299 istud

143 2327 319 2402 remedium,
352 2326 431 2402 quod
462 2328 488 2384 si
515 2345 574 2385 non
601 2330 733 2402 possent,
766 2328 892 2387 vinculis
916 2331 947 2386 te
977 2329 1006 2386 et
1033 2328 1163 2388 nexibus

144 2418 316 2476 tenuissent.
363 2417 483 2490 laetare,
506 2417 631 2491 iuvenis,
653 2416 870 2476 nobilissimam
892 2418 940 2475 tui
961 2418 1081 2491 partem
1104 2419 1164 2477 soi-

144 2505 215 2564 licet
238 2507 368 2564 animam
392 2525 482 2580 quam
499 2504 680 2581 perdideras,
703 2507 814 2564 auxilio
834 2507 961 2564 feminae
983 2507 1202 2582 repperissent

144 2596 208 2654 vita
231 2597 276 2654 est
298 2593 472 2653 beneficium
495 2595 636 2653 mulieris.
681 2595 789 2653 mulier
814 2597 863 2653 cui
886 2594 924 2652 ad
947 2594 1166 2655 dimittendum

143 2704 275 2743 amorem
299 2683 472 2758 sufficiebat,
495 2685 530 2742 ut
552 2683 671 2757 odisset,
695 2685 762 2759 ipsa
783 2702 838 2759 pro
862 2687 891 2742 te
915 2686 1083 2742 commenta
1107 2689 1166 2760 est,

144 2777 180 2832 ut
208 2773 293 2832 illam
322 2775 358 2831 tu
386 2775 487 2848 potius
518 2772 636 2832 odisses.
683 2773 708 2830 si
734 2773 854 2831 dixeris:
885 2775 979 2832 sentio
1009 2774 1166 2833 tormenta

145 2863 277 2937 remedii,
302 2863 374 2937 quid
391 2865 509 2936 mirum,
528 2863 554 2921 si
572 2863 714 2937 queratur
732 2881 820 2939 aeger
841 2861 1038 2921 abstinentiae
1059 2863 1166 2922 dolore

145 2954 275 3011 sanatus.
317 2950 436 3028 ignibus
460 2953 490 3009 et
507 2951 678 3010 vulneribus
702 2953 773 3009 sunt
791 2969 914 3026 corpora
933 2969 1019 3025 saepe
1044 2954 1165 3011 sanata.
1180 2972 1204 3012 ao

146 3039 183 3098 ab
206 3041 262 3098 hoc
280 3042 359 3099 enim
377 3039 479 3099 morbo
502 3040 566 3098 sola
583 3041 744 3098 renitentia
762 3043 856 3099 sanat.
898 3059 952 3098 nec
970 3041 1032 3098 sine
1058 3041 1166 3116 aliquo

145 3147 247 3188 morsu
268 3131 401 3189 resilitur
424 3130 552 3188 amalis
576 3147 651 3202 quae
678 3130 833 3204 voluptate
856 3131 1023 3187 tenuerunt.
1073 3133 1167 3205 quale

146 3217 203 3276 tibi
221 3219 382 3277 remedium
405 3218 540 3276 debuerit
564 3217 713 3292 adhibere,
732 3236 767 3275 ex
785 3218 927 3277 hodierno
946 3217 1056 3276 sentire
1075 3223 1167 3295 potes

145 3307 261 3365 affectu.
307 3326 361 3383 pro
388 3306 506 3365 homine
536 3306 615 3365 enim
643 3307 693 3381 qui
723 3310 791 3382 post
821 3307 888 3365 odio
920 3308 1056 3380 queritur
1083 3311 1168 3384 quod

146 3415 207 3454 non
230 3399 320 3470 amat,
343 3416 449 3471 parum
466 3396 533 3470 fuit,
557 3397 583 3454 si
603 3414 703 3455 amare
722 3396 877 3455 desineret.
924 3395 996 3469 quid
1019 3398 1095 3473 agis,
1119 3400 1168 3457 in·
1182 3418 1206 3459 ss

220 3589 252 3637 12
272 3582 466 3652 eupiditatit?
485 3585 579 3654 (tepere
596 3600 653 3638 con
668 3584 760 3652 poturi
779 3592 811 3635 Μ
881 3589 914 3635 14
931 3583 1021 3636 mirae
1041 3592 1075 3637 Μ
