2430 3952
372 205 770 260 61611111161111-6.
887 237 888 240 =
1017 207 1082 271 219

68 394 121 434 ora
142 374 361 448 temeravimus,
384 375 465 450 quod
484 374 521 433 ab
543 374 662 433 homine
682 374 867 447 descirimus.
905 394 963 433 non
981 378 1017 434 ut
1037 375 1081 434 in·

66 465 183 522 felicem
215 464 345 523 animam
378 464 602 538 sustineremus,
634 483 693 521 non
721 467 756 522 ut
784 463 914 523 invisum
942 466 1080 539 spiritum

65 553 301 628 producemus,
319 553 455 611 fecimus:
474 571 534 610 una
549 570 637 611 661166
655 555 782 611 mortem
796 553 975 627 distulimus,
993 554 1080 629 quod,

66 642 92 700 61
120 643 362 718 exspirassemus,
394 642 473 700 idem
504 640 690 700 timebamus.
737 644 768 700 61
799 660 853 718 ego
884 642 1004 716 quidem
1032 661 1080 700 me

37 731 247 808 sconsumptis
276 749 380 790 excuso
409 731 461 804 qui
489 731 564 788 mibi
590 730 650 805 ipsi
676 732 765 789 irasci
787 749 847 788 non
872 749 1001 805 possum.
1049 735 1081 790 at

65 820 121 879 iste
144 819 264 879 interim
286 822 356 893 stat,
379 823 415 878 ut
437 819 555 894 videtis,
577 820 668 896 longa
691 820 742 878 via
765 820 919 896 saginatus
944 822 973 877 et
997 822 1081 878 satur

64 903 156 984 atque
181 909 357 968 habundans
384 908 503 984 publico
527 912 707 983 commeatu,
731 909 767 966 ad
795 908 976 967 mentionem
1001 908 1080 966 cibo-

64 1018 130 1056 rum
153 1001 322 1057 nostrorum
344 998 466 1073 plenum
488 996 611 1056 fastidio
630 998 747 1055 vultum
769 998 864 1056 trahit
883 1001 913 1056 et
931 1016 1078 1074 exangues

64 1106 99 1146 66
125 1086 253 1163 pallidos
282 1087 320 1144 ad
348 1087 495 1146 calculum
523 1089 622 1160 vocat,
655 1087 741 1162 quasi
769 1105 823 1165 ego
850 1105 910 1145 non
937 1085 1080 1145 confitear

22 1195 50 1236 16
64 1175 150 1234 illum
182 1179 273 1235 etiam
305 1176 431 1234 nimium
462 1175 591 1233 multum
619 1176 765 1235 attulisse.
811 1178 874 1234 1611
901 1176 990 1250 pauci
1017 1176 1079 1233 rari

64 1284 119 1339 per.
139 1267 204 1324 vias
227 1265 415 1338 interlucent,
440 1267 469 1322 et
488 1266 624 1339 quamvis
644 1265 711 1323 odio
731 1266 873 1324 eversoris
896 1266 992 1324 nostri
1011 1284 1077 1323 evo-

64 1355 148 1412 catus
172 1374 187 1412 e
210 1354 333 1414 latebris
357 1353 417 1412 suis
444 1353 572 1429 populus
598 1354 738 1412 subsellia
762 1373 821 1412 non
849 1354 952 1429 inplet.
989 1353 1078 1429 pauci

64 1443 223 1503 sceleribus
245 1444 339 1518 pasti,
363 1443 468 1501 alienis
491 1442 636 1500 mortibus
660 1442 750 1517 salvi,
774 1443 854 1516 quod
876 1443 990 1517 vivunt,
1019 1444 1078 1517 ipsi
1097 1481 1101 1501 1

63 1531 120 1590 sibi
142 1532 195 1607 rei,
218 1551 323 1609 graves
346 1550 437 1609 aegra
456 1533 486 1588 et
507 1530 611 1589 tabida
629 1531 761 1589 membra
779 1533 811 1587 in
835 1531 985 1606 publicum
1010 1550 1077 1607 pro·

19 1639 47 1681 16
62 1621 204 1680 tulerunt.
249 1621 306 1680 hae
335 1628 405 1679 sunt
435 1620 565 1678 civitatis
594 1620 739 1694 reliquiae
769 1638 843 1694 quas
870 1620 987 1678 videtis.
1035 1622 1077 1678 sic

61 1710 221 1784 tabuimus,
244 1713 279 1768 ut
300 1709 400 1769 miseri
423 1727 477 1767 neo
495 1711 579 1768 vivos
596 1708 758 1767 habeamus
781 1727 834 1767 nec
855 1712 995 1769 mortuos.
1028 1709 1077 1767 hic

62 1803 107 1858 est
129 1801 271 1875 populus,
293 1799 351 1857 hae
373 1800 465 1872 vires,
487 1799 543 1855 1166
567 1816 646 1874 spes,
670 1797 727 1856 1166
751 1816 829 1873 opes.
875 1800 934 1856 nisi
956 1797 1077 1856 tandem

63 1889 101 1947 ad
127 1889 344 1962 vadimonium,
372 1889 483 1965 legate,
510 1889 653 1960 venisseS,
685 1905 744 1944 non
773 1888 935 1946 multorum
962 1886 1077 1945 dierum

61 1981 260 2036 commeatum
282 1976 471 2036 habebamus.
509 1994 568 2050 quo
591 1994 669 2034 nunc
687 1978 806 2035 tantum
829 1974 992 2034 frumenti?
1016 1977 1112 2051 quod

18 2083 46 2123 16
62 2066 186 2124 classem
209 2068 376 2125 commeatu
399 2062 541 2142 gravem?
582 2065 710 2123 multum
732 2065 850 2124 hercule
872 2066 1075 2142 negotiatione

60 2158 114 2216 tua
141 2157 242 2214 actum
269 2157 322 2214 est.
368 2155 550 2213 frumentum
577 2153 684 2229 habe0,
713 2154 857 2230 populum
884 2173 943 2212 non
971 2153 1075 2214 habeo.

61 2263 208 2321 nusquam
230 2244 359 2319 prodest,
384 2262 531 2318 nusquam
554 2261 628 2319 opus
652 2247 709 2301 est:
732 2245 793 2300 iam
816 2243 887 2301 11661
910 2244 1029 2302 vendas.

127 2333 207 2391 Dum
229 2336 264 2392 tu
287 2334 394 2392 salutis
416 2331 554 2407 publicae
576 2333 760 2390 nundinator
782 2333 949 2408 proximum
973 2352 1074 2407 quem·

61 2441 118 2497 que
137 2424 299 2498 emptorem
323 2422 463 2495 dimittis,
483 2421 553 2479 dum
572 2423 625 2478 aut
647 2422 752 2480 funera
770 2423 871 2480 nostra
894 2421 998 2480 vendis
1022 2424 1075 2479 aut

18 2512 184 2586 1666616111,
217 2511 288 2570 dum
319 2512 430 2587 populo
458 2513 511 2568 tuo
538 2509 617 2568 fame
644 2512 788 2568 moriente
816 2511 931 2568 alienae
957 2511 1075 2568 civitati

60 2601 177 2678 legatus
206 2601 369 2674 66166166,
396 2612 450 2658 nos
472 2600 594 2657 interim
621 2598 701 2657 cibos
726 2617 760 2656 ex
782 2599 870 2658 melis
898 2600 1074 2674 invenimus,

61 2693 91 2748 61
113 2690 206 2748 fames
225 2708 256 2748 se
279 2691 345 2765 ipsa
368 2689 461 2765 pavit,
486 2692 515 2746 61
533 2689 670 2747 miseriae
688 2690 807 2746 nostrae
825 2687 957 2746 crudeles
976 2687 1073 2745 factae

60 2782 138 2838 sunt.
183 2779 335 2854 patiamur
361 2782 391 2836 te
415 2776 547 2850 defendi,
575 2779 601 2836 si
624 2777 738 2835 absolvi
765 2776 871 2835 saltem
894 2795 947 2835 nos
971 2794 1073 2852 possu-

60 2887 133 2927 mus.
170 2867 242 2926 haec
265 2885 352 2941 nunc,
374 2866 495 2941 iudices,
519 2885 573 2943 ego
597 2865 676 2925 solus
696 2863 822 2940 queror?
846 2865 884 2922 ad
907 2885 953 2924 me
977 2867 1073 2942 magis

19 2977 46 3019 co
60 2954 232 3034 pertinent?
258 2955 374 3032 aliquid
401 2957 520 3032 proprie
548 2974 651 3031 passus
679 2952 765 3013 sum?
796 2973 856 3012 non
888 2973 1073 3012 communem

60 3045 190 3104 dolorem
214 3048 367 3109 accusator
393 3045 488 3103 habco
516 3063 583 3103 oum
610 3041 741 3115 iudicet,
774 3045 931 3118 quisquam
959 3045 991 3100 in
1018 3043 1073 3101 hac

132 3238 221 3286 1161
240 3231 407 3286 (16661111166
426 3243 447 3284 c
516 3231 641 3284 2visum
659 3240 683 3283 1
757 3231 868 3298 3quod
887 3230 922 3283 si:
942 3230 1024 3298 quasi
1044 3239 1075 3282 Μ

60 3312 75 3358 6
94 3307 127 3360 ut
144 3304 259 3358 videtis:
277 3303 411 3357 invidetis
429 3313 453 3356 1
523 3304 600 3355 satus
618 3311 646 3354 B
718 3306 750 3354 10
769 3301 888 3355 nimium
907 3303 935 3354 61
953 3301 1073 3354 multum

58 3385 92 3430 M
160 3375 244 3446 pauci
267 3375 500 3442 161116666184
561 3372 725 3440 1611611611
795 3378 826 3426 11
850 3372 1029 3427 interducent
1047 3382 1075 3425 Ρ

59 3453 92 3502 11
111 3446 211 3516 paucis
229 3455 262 3500 Μ
314 3451 348 3500 14
366 3444 421 3499 sibi
439 3445 534 3514 ipsiV
585 3449 618 3497 15
641 3444 732 3498 11661·
784 3449 815 3496 11
835 3444 889 3497 hae
908 3459 941 3496 66
959 3444 1074 3497 111663

58 3525 94 3575 11
110 3517 217 3574 vender
234 3529 317 3573 occ.c
359 3515 613 3571 1461111111εώ.
661 3520 694 3568 25
714 3515 837 3569 civitatis
852 3524 884 3568 Μ
927 3520 959 3567 21
980 3515 1072 3583 ipsam

56 3598 98 3649 ΙΙ
168 3588 459 3656 mmmm
530 3591 799 3641 reuomentem
869 3593 908 3639 ti
924 3586 1049 3637 6166611
