2430 3952
428 187 662 243 DEOLAMATIO
682 188 707 242 V
722 195 834 245 16-18.
1071 191 1134 256 105

122 357 262 416 dolorem.
307 356 436 417 hominis
459 357 510 433 qui
534 357 613 433 apud
635 359 749 433 piratas
772 359 904 436 languet,
926 379 1019 418 unum
1042 378 1134 418 reme·
1176 357 1177 361 ’

122 446 207 504 dium
227 449 328 523 putes,
350 448 387 504 ut
408 446 579 505 redimatur.
626 447 677 505 sed
700 465 759 504 non
782 450 839 522 est,
864 466 986 523 quaeso,
1009 450 1134 523 iuvenis,

122 536 204 611 quod
221 534 276 594 hoe
293 534 492 612 patrocinium
506 535 543 594 de
561 539 625 594 tam
639 537 813 594 calamitosa
829 535 941 612 pietate
961 537 1133 613 concipiam,

120 626 157 683 ut
176 624 285 683 dicam:
308 625 457 683 victumm
474 625 588 700 putavi.
626 643 771 702 exaggero
791 625 863 700 quin
882 626 972 684 immo
990 627 1135 684 invidiam

89 712 254 773 acriminis
280 714 348 771 mei.
394 713 517 788 redemi,
550 713 654 789 fateor,
686 714 775 771 illum
803 713 854 789 qui
882 714 1053 790 dilationes,
1083 716 1135 790 qui
1149 714 1186 770 18

121 819 223 861 moras
249 802 327 861 ferre
354 820 414 860 non
440 804 571 878 poterat,
603 803 635 860 in
664 822 721 877 quo
753 804 827 860 mihi
857 804 958 878 pirata
989 804 1136 863 vendebat

120 891 226 950 brevia
250 891 358 968 oscula,
380 909 490 966 paucos
514 891 584 950 dies.
631 894 657 950 si
679 890 859 950 mehercules
881 894 1006 967 uterque
1030 893 1136 953 fuisset

119 998 221 1057 aeger,
248 980 335 1038 illum
357 979 546 1040 redemissem
569 982 620 1056 qui
642 982 726 1056 prior
748 982 888 1058 languere
912 983 1063 1056 coepisset.
1110 983 1136 1041 si

119 1068 197 1127 duos
224 1070 338 1144 pariter
363 1070 522 1146 naufragia
549 1072 700 1144 raperent,
732 1069 779 1127 illi
806 1072 988 1146 porrigerem
1014 1090 1136 1129 manum

75 1177 106 1218 ro
121 1176 212 1233 quem
237 1158 299 1215 iam
326 1158 524 1216 membrorum
552 1159 739 1217 contentione
767 1159 912 1217 lassatum
934 1159 1040 1218 fluetus
1063 1160 1135 1218 hau-

120 1247 203 1304 riret.
250 1248 276 1304 si
298 1246 470 1306 vulneribus
499 1248 646 1307 confectos
669 1247 831 1306 remisisset
858 1251 1136 1324 acies,‘properan-

122 1335 184 1394 tius
203 1335 231 1393 ei
249 1334 417 1394 clauderem
434 1337 548 1412 plagas,
571 1356 624 1412 per
644 1354 716 1411 quas
736 1338 866 1394 animam
884 1337 996 1414 largior
1015 1339 1135 1414 sanguis

121 1427 263 1502 egereret.
300 1424 453 1502 ignoscite,
472 1424 514 1482 dii
532 1426 645 1500 pariter
663 1427 753 1500 atque
772 1426 914 1500 homines,
936 1445 996 1484 nou
1014 1445 1136 1501 possum

121 1513 160 1571 de
183 1513 294 1588 liberis,
316 1531 437 1588 possum
459 1515 572 1592 eligere
593 1514 627 1573 de
650 1515 773 1572 miseris.
814 1515 926 1590 gratias
951 1517 1022 1590 quin
1045 1515 1135 1574 immo

75 1622 106 1664 rs
121 1602 275 1678 fortunae,
304 1604 417 1679 gratias
441 1621 497 1680 ago
521 1602 601 1678 quod
624 1603 719 1661 adhuc
742 1623 838 1680 aeger·
853 1605 956 1678 sentit,
979 1604 1134 1681 intellegit.

120 1691 256 1766 alioquin
285 1691 412 1751 cadaver
434 1709 604 1767 acceperam
627 1695 658 1750 et
683 1693 782 1768 pretia
805 1691 929 1750 duorum
955 1712 1010 1768 pro
1033 1694 1135 1751 funere

119 1782 242 1839 tantum
265 1781 468 1856 supremisque
490 1782 699 1856 persolveram,
735 1781 830 1839 nescis
853 1784 998 1856 quantum
1019 1782 1135 1857 pudori,
1171 1811 1174 1817 ·

122 1871 269 1945 quantum
284 1869 404 1928 adficiat
418 1869 584 1929 adfectibus
597 1870 670 1928 meis
689 1869 767 1928 inter
785 1872 849 1928 tam
862 1873 991 1946 impares
1006 1873 1136 1946 aequata

120 1958 266 2018 condicio
303 1976 391 2036 aeger
414 1960 466 2034 qui
486 1959 664 2018 tantundem
687 1960 732 2017 est
755 1959 871 2035 piratis,
892 1961 962 2034 plus
981 1962 1025 2018 est
1047 1962 1135 2034 patri.

75 2067 106 2108 so
119 2047 196 2107 velis
220 2049 321 2105 tamen
344 2048 430 2123 nolis,
453 2049 556 2106 infelix
579 2050 721 2123 senectus
745 2048 899 2106 fatendum
918 2052 964 2108 est
983 2049 1061 2124 quod
1075 2068 1136 2107 me-

120 2135 192 2210 rito,
202 2135 282 2212 quod
291 2154 406 2194 summa
419 2136 533 2211 pietate
546 2137 659 2196 factum
673 2140 726 2212 est,
737 2155 827 2213 quam
836 2137 957 2196 difficile
971 2138 1134 2196 fecerimus.

190 2223 273 2293 Quae
291 2227 363 2284 tunc
381 2225 455 2282 mihi
469 2228 673 2302 cogitationes,
693 2227 744 2302 qui
762 2228 903 2302 temporis
922 2227 1003 2285 illius
1019 2228 1134 2284 animus

118 2313 189 2389 fuit,
212 2333 279 2372 cum
301 2315 380 2372 inter
402 2313 475 2373 duos
498 2315 606 2374 liberos
624 2315 738 2373 incerta
755 2316 845 2373 miser
863 2316 1006 2375 electione
1025 2316 1135 2374 discur-

118 2401 239 2461 rerem?
282 2403 359 2461 huno
387 2402 500 2462 diutius
528 2403 691 2478 osculabar,
718 2404 812 2461 illum·
830 2404 975 2480 putabam
1000 2404 1134 2479 despera·
1181 2411 1183 2419 '

75 2511 103 2553 rs
118 2493 204 2550 tione
239 2493 424 2550 moriturum.
473 2492 611 2551 lacrimas
649 2493 687 2551 ad
722 2494 912 2570 languentem
949 2493 1134 2569 gemitusque

118 2580 344 2655 transtuleram,
368 2583 398 2639 et
416 2584 449 2638 tu
467 2582 542 2639 mihi
560 2581 708 2640 videbaris
726 2582 846 2640 futurus
865 2601 968 2658 aegon
999 2582 1134 2656 quotiens

120 2671 244 2728 catenas
267 2671 335 2728 tuas
359 2670 509 2729 soluturus
532 2669 651 2729 invasi?
673 2670 724 2728 sed
746 2670 820 2728 mihi
844 2670 1068 2729 commendabat
1090 2689 1135 2728 re-

118 2758 237 2834 lictum,
259 2757 338 2832 quod
355 2760 386 2816 te
404 2760 619 2835 praetulissem.
657 2778 747 2834 quam
764 2760 936 2834 frequenter
953 2760 1015 2816 iam
1032 2760 1135 2817 laxata

118 2847 231 2906 misero
255 2847 375 2905 vincula
402 2866 503 2906 rursus
530 2848 672 2924 imposui,
700 2848 772 2905 dum
793 2848 867 2905 mihi
890 2849 943 2905 tua
966 2849 1065 2924 potius
1089 2867 1135 2907 sa·

75 2956 105 2998 so
119 2936 203 2994 nitas
229 2933 351 3012 placet?
395 2936 581 2995 dissimulare
608 2957 669 2996 non
695 2955 817 3012 possum
844 2936 1023 2996 condicionis
1052 2937 1134 2995 illius

121 3027 250 3084 secretas
264 3023 465 3084 difficultates.
502 3025 608 3084 redimi
623 3025 748 3084 debebat
762 3045 858 3102 aeger,
877 3045 931 3101 ego
945 3029 975 3084 te
990 3026 1133 3085 volebam.

194 3227 310 3282 8illum
328 3245 415 3299 supro
432 3247 486 3285 ras.
501 3231 565 3284 odd.
580 3251 611 3282 m
684 3231 774 3284 9duo
794 3239 826 3297 P,
845 3248 920 3300 supr.
933 3252 955 3292 p
1019 3236 1050 3284 11
1072 3248 1136 3284 con-

121 3297 210 3354 fectos
229 3317 263 3354 erc
281 3317 325 3353 -us
343 3310 371 3354 B
442 3307 474 3354 12
498 3317 650 3370 perquem
670 3315 684 3366 β
755 3300 871 3371 largior:
895 3302 958 3372 larg
981 3302 1013 3356 io
1029 3319 1083 3356 roc.
1104 3308 1136 3355 at

120 3425 229 3479 vedetur
245 3433 285 3491 υς
304 3390 464 3496 la{giorr1
526 3431 559 3479 14
577 3443 633 3479 non
652 3432 715 3480 arcte
733 3443 847 3494 possum
865 3426 929 3480 cdd.
946 3436 978 3494 1³,
998 3426 1047 3480 del.
1062 3448 1082 3486 p

122 3500 156 3550 18
178 3495 254 3549 inter
270 3498 342 3550 tam:
362 3496 497 3550 incertam
516 3506 546 3563 νς
569 3497 642 3552 inter
660 3497 718 3551 iam
742 3499 810 3568 (tarn
828 3500 915 3568 sum.)
930 3506 962 3550 M
1032 3503 1065 3550 27
1090 3513 1136 3550 ca-

120 3567 256 3632 thenasa
328 3572 361 3621 28
380 3583 477 3637 quam:
498 3568 607 3637 quode
