2430 3952
123 191 197 256 320,
425 191 575 247 manle
593 191 633 245 IN
650 191 809 246 Mirans!
826 192 841 247 I

493 481 497 489 ’
566 536 698 612 xviri

341 695 543 771 nisime
570 696 625 769 rn
652 696 861 771 rinnau
887 697 917 772 1.

123 897 236 955 Macen
269 911 493 953 rasersrrorrs
527 911 576 952 srr
607 911 709 954 aomo.
756 893 929 972 Speciosum
956 894 1067 970 filium,
1096 897 1146 954 in·

167 986 290 1058 famem,
326 986 482 1059 tamquam
517 981 665 1042 incestum
696 1003 763 1043 eum
798 987 895 1043 matre
931 984 1146 1061 committeret,

132 1132 134 1137 .
168 1076 255 1151 pater
281 1073 314 1131 in
341 1075 454 1132 secreta
481 1075 566 1149 parte
590 1071 694 1132 domus
721 1074 810 1132 torsit
833 1076 864 1132 et
886 1073 996 1134 occidit
1021 1073 1056 1132 in
1078 1076 1144 1134 tor·
1172 1097 1184 1137 s

167 1162 285 1222 mentis.
320 1163 488 1239 interrogat
507 1161 595 1220 illum
612 1164 710 1220 mater
727 1163 800 1237 quid
818 1181 853 1220 er
870 1162 933 1222 filio
953 1165 1144 1239 compererit

168 1253 318 1311 nolentem
340 1249 438 1310 dicere
460 1251 557 1309 malae
580 1251 772 1311 tractationis
796 1253 925 1311 aceusat

89 1449 106 1504 1
132 1482 138 1506 ‹
193 1447 272 1522 Etsi,
294 1446 420 1521 iudices,
443 1445 652 1506 callidissimus
674 1446 826 1522 parricida
849 1447 965 1508 sasinus
988 1465 1077 1509 suum
1099 1449 1146 1508 sie

124 1535 282 1611 ordinavit,
305 1538 340 1594 ut
362 1535 447 1595 vebis
469 1537 597 1595 matrem
618 1535 730 1595 iaceret
751 1537 980 1618 inrisam‚lsive
1002 1536 1145 1596 dissimu-

123 1627 201 1685 laret
227 1627 335 1685 misera
361 1627 488 1684 mortem
514 1624 572 1683 filii
598 1625 657 1699 sui,
686 1627 747 1684 sive
777 1628 963 1701 quereretur,
994 1629 1144 1702 tantaque
1159 1649 1185 1690 ie

123 1716 324 1774 monstrorum
345 1715 480 1774 novitate
503 1713 718 1774 circumdatam
736 1731 770 1773 eo
793 1714 940 1790 perduxit,
963 1717 998 1773 ut
1015 1715 1075 1774 sibi
1097 1719 1145 1776 vi·

124 1804 230 1863 deatum
251 1804 450 1862 infamatums
473 1804 583 1862 itemm
600 1804 649 1862 vel
669 1803 848 1880 patientiam
870 1806 1004 1862 nestram
1020 1805 1071 1863 vel
1090 1804 1145 1864 do·

123 1893 229 1951 loram:
252 1892 345 1951 matri
361 1894 471 1967 tamen,
493 1887 567 1970 <in>
585 1894 669 1951 euius
688 1891 909 1952 calamitatibus
928 1912 965 1952 ne
982 1894 1147 1957 minimum

125 1981 183 2040 sibi
205 1982 340 2040 vindieat
363 1980 474 2040 orbitas
502 1981 613 2056 locum,
640 1980 707 2040 ideo
731 1981 769 2039 ad
791 2000 843 2041 vos
870 1981 1045 2059 fugiendum
1072 1983 1145 2058 fuit,

124 2072 159 2128 ut
182 2071 296 2128 sciretis
319 2088 378 2127 non
405 2069 453 2126 illi
474 2072 622 2144 praestari
646 2070 724 2145 quod
752 2072 833 2129 tacet
859 2072 994 2129 maritus.
1040 2071 1144 2150 laudo,
1160 2094 1184 2134 rs

124 2158 247 2233 indicae,
269 2157 359 2216 laudo
378 2159 517 2216 miseram
536 2158 616 2235 quod
633 2161 817 2237 interrogare
836 2159 933 2217 noluit
952 2159 1041 2234 domi,
1061 2161 1146 2236 quod

125 2240 201 2305 nihil
223 2246 296 2307 fecit
318 2247 436 2324 etipsa
459 2251 579 2307 secreto.
624 2248 673 2307 hie
696 2268 796 2307 eoram
818 2249 953 2323 civitate,
981 2267 1082 2309 coram
1106 2250 1145 2311 li-

125 2337 203 2395 beris
222 2335 447 2412 separantibus
469 2339 507 2411 et,
526 2337 597 2396 lieet
620 2337 808 2397 dissimulare
825 2338 975 2413 parricida
993 2337 1146 2416 videatm·,

124 2445 225 2486 eoram
251 2443 370 2483 rumore
392 2427 489 2484 mater
514 2427 641 2500 inquirit
664 2426 736 2502 quid
762 2429 918 2487 tormentis
946 2429 1027 2486 unici
1050 2448 1144 2504 quae·

138 2585 139 2588 ’
197 2584 213 2632 2
239 2578 351 2632 titulum
375 2577 503 2631 eruissem
528 2578 664 2646 ampkeit
689 2593 789 2632 inanes
813 2580 916 2633 saeculi
941 2580 1019 2634 XIX
1041 2588 1071 2633 Β

126 2657 141 2704 3
156 2650 231 2704 Male
240 2647 418 2703 tractationis
433 2647 998 2731 sitactio.Spetiosumfihum1nfamem
1016 2651 1145 2720 Require

124 2722 158 2775 Iu
176 2720 299 2775 secunda
317 2719 400 2774 Parte
418 2719 502 2773 huius
521 2720 613 2790 operis
631 2720 718 2775 mirere
733 2721 812 2788 pieta
829 2724 926 2777 musso
945 2728 1106 2793 arramato
1126 2735 1149 2778 V

125 2810 204 2865 accio
223 2819 250 2864 Β
321 2814 336 2862 6
357 2809 493 2878 comperit
512 2819 545 2863 Β
618 2815 685 2863 lu
702 2809 766 2863 add
786 2811 872 2879 menie
889 2813 992 2881 scripta
1009 2802 1145 2869 EXPLIC

126 2880 314 2967 naevius
330 2874 879 2962 menumnamraaenaairt
892 2891 1144 2957 necvsnrer‘r

126 2987 253 3042 MORTE
272 2987 356 3040 FILII
375 2986 493 3041 CAVSA
510 2985 614 3040 XVIIII
706 2986 799 3056 prima
816 3003 881 3106 pars
899 2990 1055 3044 rubricator
1073 2992 1143 3046 aad.

126 3062 158 3113 iu
176 3076 261 3129 mare.
281 3060 380 3128 capilus
344 3064 414 3113 t1
434 3067 455 3110 V

199 3135 215 3182 8
238 3130 335 3183 etsi-
345 3128 520 3183 ordinavit
508 3147 540 3182 ca
558 3129 660 3183 laeana
678 3133 696 3182 9
714 3146 840 3184 casuum
857 3146 908 3184 em.
922 3139 961 3197 Β
980 3117 1045 3185 edd
1065 3149 1142 3188 esau.

125 3270 194 3307 saec
211 3255 289 3308 XIX
341 3253 431 3307 multa
449 3253 557 3307 iudices
576 3253 653 3306 dirus
671 3256 753 3323 pater
767 3217 919 3337 eoneiaic
933 3255 1090 3325 replicavit,
1109 3261 1146 3312 ut

126 3324 206 3379 vobis
226 3335 263 3392 11,
280 3343 355 3395 supr
370 3347 401 3378 m
463 3324 650 3378 calidissimus
668 3334 690 3377 V
758 3330 791 3379 10
809 3326 940 3380 miseram
958 3336 1021 3393 M13
1040 3344 1090 3382 orn.
1109 3339 1144 3397 P,

125 3413 201 3464 supr
214 3419 236 3457 μ
291 3398 472 3465 quererentur
488 3406 511 3448 V
571 3401 603 3449 11
622 3406 725 3450 meos
773 3397 906 3466 produxit
923 3408 944 3451 V
1009 3404 1042 3452 13
1060 3400 1143 3469 ins·;

126 3484 177 3522 om
193 3489 215 3520 ω
287 3467 456 3522 necteres.
531 3472 563 3520 1⁷
587 3467 686 3536 ipses
757 3467 823 3522 hine
842 3479 874 3522 11
944 3474 976 3523 19
999 3487 1144 3528 rumorem

124 3584 186 3628 Im
254 3556 384 3646 paterl'
451 3574 659 3641 uni133unius
679 3584 710 3627 11
