<?xml version="1.0" encoding="UTF-8"?>
<!DOCTYPE html PUBLIC "-//W3C//DTD XHTML 1.0 Transitional//EN"
    "http://www.w3.org/TR/xhtml1/DTD/xhtml1-transitional.dtd">
<html xmlns="http://www.w3.org/1999/xhtml" xml:lang="en" lang="en">
 <head>
  <title>
</title>
<meta http-equiv="Content-Type" content="text/html;charset=utf-8" />
  <meta name='ocr-system' content='tesseract 3.04.00' />
  <meta name='ocr-capabilities' content='ocr_page ocr_carea ocr_par ocr_line ocrx_word'/>
</head>
<body>
  <div class='ocr_page' id='page_1' title='image "./qvintilianiqvae00quingoog_0344.png"; bbox 0 0 2430 3952; ppageno 0'>
   <div class='ocr_carea' id='block_1_1' title="bbox 122 218 816 286">
    <p class='ocr_par' dir='ltr' id='par_1_1' title="bbox 122 218 816 286">
     <span class='ocr_line' id='line_1_1' title="bbox 122 218 816 286; baseline 0 -12"><span class='ocrx_word' id='word_1_1' title='bbox 122 221 188 286; x_wconf 85' lang='lat'><strong>304</strong></span> <span class='ocrx_word' id='word_1_2' title='bbox 444 218 627 274; x_wconf 71' lang='lat' dir='ltr'>VENENVM</span> <span class='ocrx_word' id='word_1_3' title='bbox 646 218 816 274; x_wconf 73' lang='lat' dir='ltr'><strong>assuevit</strong></span> 
     </span>
    </p>
   </div>
   <div class='ocr_carea' id='block_1_2' title="bbox 30 387 1178 2778">
    <p class='ocr_par' dir='ltr' id='par_1_2' title="bbox 119 387 1174 910">
     <span class='ocr_line' id='line_1_2' title="bbox 122 387 1141 464; baseline -0.001 -16"><span class='ocrx_word' id='word_1_4' title='bbox 122 390 273 449; x_wconf 73' lang='lat' dir='ltr'>miseritus</span> <span class='ocrx_word' id='word_1_5' title='bbox 296 390 364 463; x_wconf 90' lang='lat' dir='ltr'><strong>mei,</strong></span> <span class='ocrx_word' id='word_1_6' title='bbox 386 389 535 448; x_wconf 77' lang='lat' dir='ltr'><strong>miseritus</strong></span> <span class='ocrx_word' id='word_1_7' title='bbox 557 389 662 463; x_wconf 83' lang='lat' dir='ltr'><strong>patris,</strong></span> <span class='ocrx_word' id='word_1_8' title='bbox 686 407 753 446; x_wconf 90' lang='lat' dir='ltr'><strong>cum</strong></span> <span class='ocrx_word' id='word_1_9' title='bbox 770 387 806 446; x_wconf 93' lang='lat' dir='ltr'><strong>de</strong></span> <span class='ocrx_word' id='word_1_10' title='bbox 828 387 1000 463; x_wconf 87' lang='lat' dir='ltr'><strong>praeteritis</strong></span> <span class='ocrx_word' id='word_1_11' title='bbox 1022 389 1141 464; x_wconf 72' lang='lat' dir='ltr'><strong>prospi</strong></span> 
     </span>
     <span class='ocr_line' id='line_1_3' title="bbox 123 471 1141 556; baseline -0.001 -19"><span class='ocrx_word' id='word_1_12' title='bbox 123 497 232 552; x_wconf 84' lang='lat' dir='ltr'><strong>cerem,</strong></span> <span class='ocrx_word' id='word_1_13' title='bbox 259 479 358 555; x_wconf 77' lang='lat' dir='ltr'><strong>iurgia</strong></span> <span class='ocrx_word' id='word_1_14' title='bbox 385 480 449 536; x_wconf 88' lang='lat' dir='ltr'><strong>tam</strong></span> <span class='ocrx_word' id='word_1_15' title='bbox 477 478 567 555; x_wconf 84' lang='lat' dir='ltr'><strong>longa</strong></span> <span class='ocrx_word' id='word_1_16' title='bbox 595 496 685 552; x_wconf 92' lang='lat' dir='ltr'><strong>quam</strong></span> <span class='ocrx_word' id='word_1_17' title='bbox 712 478 819 553; x_wconf 90' lang='lat' dir='ltr'><strong>vitam,</strong></span> <span class='ocrx_word' id='word_1_18' title='bbox 842 471 981 556; x_wconf 82' lang='lat' dir='ltr'><strong>&lt;vitare&gt;</strong></span> <span class='ocrx_word' id='word_1_19' title='bbox 1009 476 1141 553; x_wconf 80' lang='lat' dir='ltr'><strong>captavi,</strong></span> 
     </span>
     <span class='ocr_line' id='line_1_4' title="bbox 122 564 1141 642; baseline -0.001 -16"><span class='ocrx_word' id='word_1_20' title='bbox 122 567 232 641; x_wconf 83' lang='lat' dir='ltr'><strong>fateor,</strong></span> <span class='ocrx_word' id='word_1_21' title='bbox 264 586 381 625; x_wconf 90' lang='lat' dir='ltr'><strong>omnem</strong></span> <span class='ocrx_word' id='word_1_22' title='bbox 414 583 567 625; x_wconf 91' lang='lat' dir='ltr'><strong>occursum</strong></span> <span class='ocrx_word' id='word_1_23' title='bbox 594 584 681 641; x_wconf 93' lang='lat' dir='ltr'><strong>quem</strong></span> <span class='ocrx_word' id='word_1_24' title='bbox 713 566 786 625; x_wconf 89' lang='lat' dir='ltr'><strong>mihi</strong></span> <span class='ocrx_word' id='word_1_25' title='bbox 811 564 935 626; x_wconf 81' lang='lat' dir='ltr'><strong>videbar</strong></span> <span class='ocrx_word' id='word_1_26' title='bbox 962 583 1141 642; x_wconf 72' lang='lat' dir='ltr'><strong>exasperare</strong></span> 
     </span>
     <span class='ocr_line' id='line_1_5' title="bbox 122 655 1142 734; baseline 0 -19"><span class='ocrx_word' id='word_1_27' title='bbox 122 657 303 734; x_wconf 87' lang='lat' dir='ltr'><strong>praesentia,</strong></span> <span class='ocrx_word' id='word_1_28' title='bbox 332 675 465 730; x_wconf 87' lang='lat' dir='ltr'><strong>exorare,</strong></span> <span class='ocrx_word' id='word_1_29' title='bbox 493 655 712 730; x_wconf 82' lang='lat' dir='ltr'><strong>dum&#39;morior,</strong></span> <span class='ocrx_word' id='word_1_30' title='bbox 741 659 772 714; x_wconf 93' lang='lat' dir='ltr'><strong>et</strong></span> <span class='ocrx_word' id='word_1_31' title='bbox 799 659 955 731; x_wconf 82' lang='lat' dir='ltr'><strong>tamquam</strong></span> <span class='ocrx_word' id='word_1_32' title='bbox 973 656 1142 715; x_wconf 83' lang='lat' dir='ltr'><strong>novissimi</strong></span> 
     </span>
     <span class='ocr_line' id='line_1_6' title="bbox 120 745 1174 823; baseline 0 -20"><span class='ocrx_word' id='word_1_33' title='bbox 120 745 249 804; x_wconf 89' lang='lat' dir='ltr'><strong>ambitus</strong></span> <span class='ocrx_word' id='word_1_34' title='bbox 272 763 364 823; x_wconf 81' lang='lat' dir='ltr'><strong>genus</strong></span> <span class='ocrx_word' id='word_1_35' title='bbox 388 746 565 822; x_wconf 84' lang='lat' dir='ltr'><strong>excogitavi,</strong></span> <span class='ocrx_word' id='word_1_36' title='bbox 588 746 622 802; x_wconf 92' lang='lat' dir='ltr'><strong>ut</strong></span> <span class='ocrx_word' id='word_1_37' title='bbox 644 764 692 803; x_wconf 91' lang='lat' dir='ltr'><strong>me</strong></span> <span class='ocrx_word' id='word_1_38' title='bbox 714 746 746 802; x_wconf 91' lang='lat' dir='ltr'><strong>in</strong></span> <span class='ocrx_word' id='word_1_39' title='bbox 768 746 911 803; x_wconf 85' lang='lat' dir='ltr'><strong>honorem</strong></span> <span class='ocrx_word' id='word_1_40' title='bbox 933 745 978 802; x_wconf 88' lang='lat' dir='ltr'><strong>sui</strong></span> <span class='ocrx_word' id='word_1_41' title='bbox 1001 763 1141 803; x_wconf 87' lang='lat' dir='ltr'><strong>reveren·</strong></span> <span class='ocrx_word' id='word_1_42' title='bbox 1164 763 1174 804; x_wconf 82' lang='lat' dir='ltr'><strong>s</strong></span> 
     </span>
     <span class='ocr_line' id='line_1_7' title="bbox 119 832 1140 910; baseline 0.001 -18"><span class='ocrx_word' id='word_1_43' title='bbox 119 837 253 909; x_wconf 87' lang='lat' dir='ltr'><strong>tiamque</strong></span> <span class='ocrx_word' id='word_1_44' title='bbox 274 837 448 910; x_wconf 90' lang='lat' dir='ltr'><strong>pereuntem</strong></span> <span class='ocrx_word' id='word_1_45' title='bbox 471 835 514 892; x_wconf 93' lang='lat' dir='ltr'><strong>sic</strong></span> <span class='ocrx_word' id='word_1_46' title='bbox 536 832 632 892; x_wconf 87' lang='lat' dir='ltr'><strong>odisse</strong></span> <span class='ocrx_word' id='word_1_47' title='bbox 656 833 818 907; x_wconf 86' lang='lat' dir='ltr'><strong>desineret,</strong></span> <span class='ocrx_word' id='word_1_48' title='bbox 843 832 992 910; x_wconf 91' lang='lat' dir='ltr'><strong>quomodo</strong></span> <span class='ocrx_word' id='word_1_49' title='bbox 1016 851 1140 910; x_wconf 90' lang='lat' dir='ltr'><strong>parcere</strong></span> 
     </span>
    </p>

    <p class='ocr_par' dir='ltr' id='par_1_3' title="bbox 30 922 1141 1087">
     <span class='ocr_line' id='line_1_8' title="bbox 30 922 1141 997; baseline 0 -15"><span class='ocrx_word' id='word_1_50' title='bbox 30 986 33 993; x_wconf 57' lang='grc'><strong><em>,</em></strong></span> <span class='ocrx_word' id='word_1_51' title='bbox 120 923 196 982; x_wconf 87' lang='lat' dir='ltr'><strong>solet</strong></span> <span class='ocrx_word' id='word_1_52' title='bbox 218 925 264 982; x_wconf 89' lang='lat' dir='ltr'><strong>ira</strong></span> <span class='ocrx_word' id='word_1_53' title='bbox 292 922 415 982; x_wconf 77' lang='lat' dir='ltr'><strong>cedenti.</strong></span> <span class='ocrx_word' id='word_1_54' title='bbox 461 941 520 980; x_wconf 90' lang='lat' dir='ltr'><strong>non</strong></span> <span class='ocrx_word' id='word_1_55' title='bbox 547 922 638 981; x_wconf 84' lang='lat' dir='ltr'><strong>habet</strong></span> <span class='ocrx_word' id='word_1_56' title='bbox 661 923 754 980; x_wconf 89' lang='lat' dir='ltr'><strong>alium</strong></span> <span class='ocrx_word' id='word_1_57' title='bbox 777 942 868 997; x_wconf 90' lang='lat' dir='ltr'><strong>quam</strong></span> <span class='ocrx_word' id='word_1_58' title='bbox 895 925 1000 983; x_wconf 86' lang='lat' dir='ltr'><strong>mertis</strong></span> <span class='ocrx_word' id='word_1_59' title='bbox 1025 922 1141 982; x_wconf 87' lang='lat' dir='ltr'><strong>exitum</strong></span> 
     </span>
     <span class='ocr_line' id='line_1_9' title="bbox 119 1011 925 1087; baseline -0.004 -16"><span class='ocrx_word' id='word_1_60' title='bbox 119 1012 200 1071; x_wconf 88' lang='lat' dir='ltr'><strong>filius</strong></span> <span class='ocrx_word' id='word_1_61' title='bbox 223 1011 276 1087; x_wconf 89' lang='lat' dir='ltr'><strong>qui</strong></span> <span class='ocrx_word' id='word_1_62' title='bbox 298 1029 352 1070; x_wconf 88' lang='lat' dir='ltr'><strong>nec</strong></span> <span class='ocrx_word' id='word_1_63' title='bbox 376 1011 564 1070; x_wconf 88' lang='lat' dir='ltr'><strong>reconciliari</strong></span> <span class='ocrx_word' id='word_1_64' title='bbox 585 1014 685 1087; x_wconf 91' lang='lat' dir='ltr'><strong>potest</strong></span> <span class='ocrx_word' id='word_1_65' title='bbox 707 1030 761 1070; x_wconf 89' lang='lat' dir='ltr'><strong>nec</strong></span> <span class='ocrx_word' id='word_1_66' title='bbox 785 1011 925 1070; x_wconf 86' lang='lat' dir='ltr'><strong>abdicari.</strong></span> 
     </span>
    </p>

    <p class='ocr_par' dir='ltr' id='par_1_4' title="bbox 85 1099 1178 2778">
     <span class='ocr_line' id='line_1_10' title="bbox 85 1099 1142 1176; baseline 0.002 -20"><span class='ocrx_word' id='word_1_67' title='bbox 85 1100 104 1156; x_wconf 83' lang='lat'><strong>4</strong></span> <span class='ocrx_word' id='word_1_68' title='bbox 189 1102 264 1160; x_wconf 79' lang='lat' dir='ltr'><strong>Erat</strong></span> <span class='ocrx_word' id='word_1_69' title='bbox 282 1103 314 1159; x_wconf 90' lang='lat' dir='ltr'><strong>in</strong></span> <span class='ocrx_word' id='word_1_70' title='bbox 332 1099 419 1159; x_wconf 91' lang='lat' dir='ltr'><strong>domo</strong></span> <span class='ocrx_word' id='word_1_71' title='bbox 438 1103 541 1159; x_wconf 88' lang='lat' dir='ltr'><strong>nostra</strong></span> <span class='ocrx_word' id='word_1_72' title='bbox 558 1101 650 1175; x_wconf 92' lang='lat' dir='ltr'><strong>locus,</strong></span> <span class='ocrx_word' id='word_1_73' title='bbox 673 1102 705 1158; x_wconf 90' lang='lat' dir='ltr'><strong>in</strong></span> <span class='ocrx_word' id='word_1_74' title='bbox 724 1120 813 1176; x_wconf 93' lang='lat' dir='ltr'><strong>quem</strong></span> <span class='ocrx_word' id='word_1_75' title='bbox 830 1100 1002 1160; x_wconf 86' lang='lat' dir='ltr'><strong>secedebam</strong></span> <span class='ocrx_word' id='word_1_76' title='bbox 1023 1118 1142 1176; x_wconf 85' lang='lat' dir='ltr'><strong>semper</strong></span> 
     </span>
     <span class='ocr_line' id='line_1_11' title="bbox 120 1188 1175 1264; baseline 0 -16"><span class='ocrx_word' id='word_1_77' title='bbox 120 1209 197 1264; x_wconf 88' lang='lat' dir='ltr'><strong>reus,</strong></span> <span class='ocrx_word' id='word_1_78' title='bbox 218 1192 251 1248; x_wconf 95' lang='lat' dir='ltr'><strong>in</strong></span> <span class='ocrx_word' id='word_1_79' title='bbox 275 1209 363 1264; x_wconf 90' lang='lat' dir='ltr'><strong>quem</strong></span> <span class='ocrx_word' id='word_1_80' title='bbox 380 1188 550 1248; x_wconf 88' lang='lat' dir='ltr'><strong>revertebar</strong></span> <span class='ocrx_word' id='word_1_81' title='bbox 569 1189 730 1264; x_wconf 87' lang='lat' dir='ltr'><strong>absolutus,</strong></span> <span class='ocrx_word' id='word_1_82' title='bbox 754 1190 882 1264; x_wconf 86' lang='lat' dir='ltr'><strong>querelis</strong></span> <span class='ocrx_word' id='word_1_83' title='bbox 900 1191 973 1249; x_wconf 82' lang='lat' dir='ltr'><strong>meis</strong></span> <span class='ocrx_word' id='word_1_84' title='bbox 992 1190 1141 1250; x_wconf 86' lang='lat' dir='ltr'><strong>lacrimis·</strong></span> <span class='ocrx_word' id='word_1_85' title='bbox 1153 1209 1175 1249; x_wconf 82' lang='lat' dir='ltr'><strong>u</strong></span> 
     </span>
     <span class='ocr_line' id='line_1_12' title="bbox 122 1278 1140 1353; baseline 0 -15"><span class='ocrx_word' id='word_1_86' title='bbox 122 1299 178 1353; x_wconf 91' lang='lat' dir='ltr'><strong>que</strong></span> <span class='ocrx_word' id='word_1_87' title='bbox 200 1280 261 1336; x_wconf 90' lang='lat' dir='ltr'><strong>iam</strong></span> <span class='ocrx_word' id='word_1_88' title='bbox 285 1279 426 1352; x_wconf 89' lang='lat' dir='ltr'><strong>conscius,</strong></span> <span class='ocrx_word' id='word_1_89' title='bbox 449 1279 481 1335; x_wconf 91' lang='lat' dir='ltr'><strong>in</strong></span> <span class='ocrx_word' id='word_1_90' title='bbox 503 1297 592 1352; x_wconf 93' lang='lat' dir='ltr'><strong>quem</strong></span> <span class='ocrx_word' id='word_1_91' title='bbox 615 1296 646 1336; x_wconf 90' lang='lat' dir='ltr'><strong>se</strong></span> <span class='ocrx_word' id='word_1_92' title='bbox 669 1278 775 1337; x_wconf 86' lang='lat' dir='ltr'><strong>ferant.</strong></span> <span class='ocrx_word' id='word_1_93' title='bbox 811 1280 843 1336; x_wconf 91' lang='lat' dir='ltr'><strong>in</strong></span> <span class='ocrx_word' id='word_1_94' title='bbox 865 1279 954 1353; x_wconf 91' lang='lat' dir='ltr'><strong>hunc,</strong></span> <span class='ocrx_word' id='word_1_95' title='bbox 977 1297 1038 1337; x_wconf 89' lang='lat' dir='ltr'><strong>non</strong></span> <span class='ocrx_word' id='word_1_96' title='bbox 1062 1281 1140 1338; x_wconf 66' lang='lat' dir='ltr'><strong>tame</strong></span> 
     </span>
     <span class='ocr_line' id='line_1_13' title="bbox 122 1367 1140 1444; baseline 0.002 -19"><span class='ocrx_word' id='word_1_97' title='bbox 122 1386 212 1443; x_wconf 86' lang='lat' dir='ltr'><strong>quam</strong></span> <span class='ocrx_word' id='word_1_98' title='bbox 239 1367 389 1426; x_wconf 73' lang='lat' dir='ltr'><strong>custodiae</strong></span> <span class='ocrx_word' id='word_1_99' title='bbox 416 1369 512 1443; x_wconf 86' lang='lat' dir='ltr'><strong>patris</strong></span> <span class='ocrx_word' id='word_1_100' title='bbox 535 1369 721 1442; x_wconf 84' lang='lat' dir='ltr'><strong>inponerem,</strong></span> <span class='ocrx_word' id='word_1_101' title='bbox 748 1386 818 1426; x_wconf 89' lang='lat' dir='ltr'><strong>nam</strong></span> <span class='ocrx_word' id='word_1_102' title='bbox 841 1368 914 1443; x_wconf 88' lang='lat' dir='ltr'><strong>qnid</strong></span> <span class='ocrx_word' id='word_1_103' title='bbox 935 1369 1034 1444; x_wconf 88' lang='lat' dir='ltr'><strong>possit</strong></span> <span class='ocrx_word' id='word_1_104' title='bbox 1056 1368 1140 1427; x_wconf 87' lang='lat' dir='ltr'><strong>inve-</strong></span> 
     </span>
     <span class='ocr_line' id='line_1_14' title="bbox 121 1456 1141 1532; baseline 0.002 -18"><span class='ocrx_word' id='word_1_105' title='bbox 121 1458 180 1514; x_wconf 87' lang='lat' dir='ltr'><strong>niri</strong></span> <span class='ocrx_word' id='word_1_106' title='bbox 203 1474 261 1532; x_wconf 94' lang='lat' dir='ltr'><strong>quo</strong></span> <span class='ocrx_word' id='word_1_107' title='bbox 284 1476 344 1515; x_wconf 92' lang='lat' dir='ltr'><strong>non</strong></span> <span class='ocrx_word' id='word_1_108' title='bbox 371 1476 418 1515; x_wconf 91' lang='lat' dir='ltr'><strong>me</strong></span> <span class='ocrx_word' id='word_1_109' title='bbox 442 1457 591 1532; x_wconf 89' lang='lat' dir='ltr'><strong>captantis</strong></span> <span class='ocrx_word' id='word_1_110' title='bbox 615 1456 729 1532; x_wconf 89' lang='lat' dir='ltr'><strong>aliquid</strong></span> <span class='ocrx_word' id='word_1_111' title='bbox 752 1456 970 1532; x_wconf 86' lang='lat' dir='ltr'><strong>deprehendere</strong></span> <span class='ocrx_word' id='word_1_112' title='bbox 999 1475 1073 1515; x_wconf 91' lang='lat' dir='ltr'><strong>cura</strong></span> <span class='ocrx_word' id='word_1_113' title='bbox 1097 1476 1141 1518; x_wconf 88' lang='lat' dir='ltr'><strong>se·</strong></span> 
     </span>
     <span class='ocr_line' id='line_1_15' title="bbox 122 1545 1140 1622; baseline 0.002 -19"><span class='ocrx_word' id='word_1_114' title='bbox 122 1549 270 1622; x_wconf 77' lang='lat' dir='ltr'><strong>queretur,</strong></span> <span class='ocrx_word' id='word_1_115' title='bbox 293 1545 344 1604; x_wconf 89' lang='lat' dir='ltr'><strong>sed</strong></span> <span class='ocrx_word' id='word_1_116' title='bbox 368 1546 444 1604; x_wconf 91' lang='lat' dir='ltr'><strong>sicut</strong></span> <span class='ocrx_word' id='word_1_117' title='bbox 466 1545 564 1604; x_wconf 87' lang='lat' dir='ltr'><strong>solent</strong></span> <span class='ocrx_word' id='word_1_118' title='bbox 587 1545 639 1621; x_wconf 92' lang='lat' dir='ltr'><strong>qui</strong></span> <span class='ocrx_word' id='word_1_119' title='bbox 661 1546 771 1604; x_wconf 90' lang='lat' dir='ltr'><strong>inmori</strong></span> <span class='ocrx_word' id='word_1_120' title='bbox 793 1546 909 1619; x_wconf 86' lang='lat' dir='ltr'><strong>volunt,</strong></span> <span class='ocrx_word' id='word_1_121' title='bbox 931 1545 1056 1622; x_wconf 89' lang='lat' dir='ltr'><strong>pudore,</strong></span> <span class='ocrx_word' id='word_1_122' title='bbox 1080 1565 1140 1605; x_wconf 89' lang='lat' dir='ltr'><strong>non</strong></span> 
     </span>
     <span class='ocr_line' id='line_1_16' title="bbox 121 1633 1174 1710; baseline 0.002 -17"><span class='ocrx_word' id='word_1_123' title='bbox 121 1637 175 1710; x_wconf 86' lang='lat' dir='ltr'><strong>ira,</strong></span> <span class='ocrx_word' id='word_1_124' title='bbox 199 1635 235 1694; x_wconf 91' lang='lat' dir='ltr'><strong>ab</strong></span> <span class='ocrx_word' id='word_1_125' title='bbox 260 1636 395 1694; x_wconf 88' lang='lat' dir='ltr'><strong>omnibus</strong></span> <span class='ocrx_word' id='word_1_126' title='bbox 419 1652 495 1709; x_wconf 93' lang='lat' dir='ltr'><strong>quae</strong></span> <span class='ocrx_word' id='word_1_127' title='bbox 516 1633 695 1693; x_wconf 81' lang='lat' dir='ltr'><strong>ridebantur</strong></span> <span class='ocrx_word' id='word_1_128' title='bbox 718 1637 888 1709; x_wconf 84' lang='lat' dir='ltr'><strong>evocatura,</strong></span> <span class='ocrx_word' id='word_1_129' title='bbox 911 1635 1027 1694; x_wconf 86' lang='lat' dir='ltr'><strong>secessi.</strong></span> <span class='ocrx_word' id='word_1_130' title='bbox 1069 1654 1140 1694; x_wconf 91' lang='lat' dir='ltr'><strong>nam</strong></span> <span class='ocrx_word' id='word_1_131' title='bbox 1153 1654 1174 1695; x_wconf 85' lang='lat' dir='ltr'><strong>u</strong></span> 
     </span>
     <span class='ocr_line' id='line_1_17' title="bbox 121 1723 1141 1801; baseline 0.001 -19"><span class='ocrx_word' id='word_1_132' title='bbox 121 1743 174 1783; x_wconf 87' lang='lat' dir='ltr'><strong>nec</strong></span> <span class='ocrx_word' id='word_1_133' title='bbox 202 1725 356 1800; x_wconf 86' lang='lat' dir='ltr'><strong>placuerat</strong></span> <span class='ocrx_word' id='word_1_134' title='bbox 388 1725 484 1782; x_wconf 84' lang='lat' dir='ltr'><strong>exitus</strong></span> <span class='ocrx_word' id='word_1_135' title='bbox 512 1741 605 1801; x_wconf 85' lang='lat' dir='ltr'><strong>genus</strong></span> <span class='ocrx_word' id='word_1_136' title='bbox 638 1723 808 1798; x_wconf 90' lang='lat' dir='ltr'><strong>querulum,</strong></span> <span class='ocrx_word' id='word_1_137' title='bbox 839 1724 1062 1782; x_wconf 89' lang='lat' dir='ltr'><strong>tumultuosum</strong></span> <span class='ocrx_word' id='word_1_138' title='bbox 1089 1727 1141 1783; x_wconf 90' lang='lat' dir='ltr'><strong>aut</strong></span> 
     </span>
     <span class='ocr_line' id='line_1_18' title="bbox 122 1812 1140 1892; baseline 0 -20"><span class='ocrx_word' id='word_1_139' title='bbox 122 1813 201 1889; x_wconf 92' lang='lat' dir='ltr'><strong>quod</strong></span> <span class='ocrx_word' id='word_1_140' title='bbox 223 1813 334 1871; x_wconf 82' lang='lat' dir='ltr'><strong>faceret</strong></span> <span class='ocrx_word' id='word_1_141' title='bbox 356 1813 508 1872; x_wconf 83' lang='lat' dir='ltr'><strong>invidiam.</strong></span> <span class='ocrx_word' id='word_1_142' title='bbox 554 1812 605 1871; x_wconf 88' lang='lat' dir='ltr'><strong>sed</strong></span> <span class='ocrx_word' id='word_1_143' title='bbox 629 1812 701 1887; x_wconf 88' lang='lat' dir='ltr'><strong>quid</strong></span> <span class='ocrx_word' id='word_1_144' title='bbox 724 1813 798 1870; x_wconf 91' lang='lat' dir='ltr'><strong>mihi</strong></span> <span class='ocrx_word' id='word_1_145' title='bbox 821 1816 920 1871; x_wconf 91' lang='lat' dir='ltr'><strong>tecum</strong></span> <span class='ocrx_word' id='word_1_146' title='bbox 946 1813 991 1871; x_wconf 87' lang='lat' dir='ltr'><strong>est</strong></span> <span class='ocrx_word' id='word_1_147' title='bbox 1013 1813 1140 1892; x_wconf 79' lang='lat' dir='ltr'><strong>integri·</strong></span> 
     </span>
     <span class='ocr_line' id='line_1_19' title="bbox 121 1899 1140 1978; baseline 0 -18"><span class='ocrx_word' id='word_1_148' title='bbox 121 1902 194 1962; x_wconf 88' lang='lat' dir='ltr'><strong>tatis</strong></span> <span class='ocrx_word' id='word_1_149' title='bbox 221 1903 314 1959; x_wconf 88' lang='lat' dir='ltr'><strong>nimie</strong></span> <span class='ocrx_word' id='word_1_150' title='bbox 342 1899 541 1977; x_wconf 77' lang='lat' dir='ltr'><strong>simplicitas?</strong></span> <span class='ocrx_word' id='word_1_151' title='bbox 584 1919 644 1959; x_wconf 92' lang='lat' dir='ltr'><strong>non</strong></span> <span class='ocrx_word' id='word_1_152' title='bbox 666 1904 754 1978; x_wconf 83' lang='lat' dir='ltr'><strong>putat</strong></span> <span class='ocrx_word' id='word_1_153' title='bbox 777 1920 807 1960; x_wconf 91' lang='lat' dir='ltr'><strong>se</strong></span> <span class='ocrx_word' id='word_1_154' title='bbox 835 1920 921 1977; x_wconf 88' lang='lat' dir='ltr'><strong>posse</strong></span> <span class='ocrx_word' id='word_1_155' title='bbox 947 1901 1140 1978; x_wconf 87' lang='lat' dir='ltr'><strong>deprehendi,</strong></span> 
     </span>
     <span class='ocr_line' id='line_1_20' title="bbox 122 1991 1140 2066; baseline 0.005 -19"><span class='ocrx_word' id='word_1_156' title='bbox 122 1991 256 2066; x_wconf 90' lang='lat' dir='ltr'><strong>quisquis</strong></span> <span class='ocrx_word' id='word_1_157' title='bbox 275 2009 422 2049; x_wconf 87' lang='lat' dir='ltr'><strong>venenum</strong></span> <span class='ocrx_word' id='word_1_158' title='bbox 444 1994 533 2065; x_wconf 86' lang='lat' dir='ltr'><strong>parat</strong></span> <span class='ocrx_word' id='word_1_159' title='bbox 552 1991 615 2065; x_wconf 90' lang='lat' dir='ltr'><strong>ipse</strong></span> <span class='ocrx_word' id='word_1_160' title='bbox 638 1993 772 2064; x_wconf 76' lang='lat' dir='ltr'><strong>poturus,</strong></span> <span class='ocrx_word' id='word_1_161' title='bbox 809 1994 890 2050; x_wconf 89' lang='lat' dir='ltr'><strong>totus</strong></span> <span class='ocrx_word' id='word_1_162' title='bbox 910 1991 1003 2048; x_wconf 87' lang='lat' dir='ltr'><strong>oculis</strong></span> <span class='ocrx_word' id='word_1_163' title='bbox 1023 1993 1140 2052; x_wconf 91' lang='lat' dir='ltr'><strong>animo·</strong></span> 
     </span>
     <span class='ocr_line' id='line_1_21' title="bbox 123 2079 1176 2159; baseline 0.004 -22"><span class='ocrx_word' id='word_1_164' title='bbox 123 2099 180 2153; x_wconf 94' lang='lat' dir='ltr'><strong>que</strong></span> <span class='ocrx_word' id='word_1_165' title='bbox 203 2097 361 2159; x_wconf 88' lang='lat' dir='ltr'><strong>conversus</strong></span> <span class='ocrx_word' id='word_1_166' title='bbox 383 2079 542 2137; x_wconf 83' lang='lat' dir='ltr'><strong>haerebam</strong></span> <span class='ocrx_word' id='word_1_167' title='bbox 565 2081 654 2138; x_wconf 89' lang='lat' dir='ltr'><strong>miser</strong></span> <span class='ocrx_word' id='word_1_168' title='bbox 672 2080 704 2136; x_wconf 92' lang='lat' dir='ltr'><strong>in</strong></span> <span class='ocrx_word' id='word_1_169' title='bbox 721 2098 809 2154; x_wconf 88' lang='lat' dir='ltr'><strong>opere</strong></span> <span class='ocrx_word' id='word_1_170' title='bbox 828 2079 981 2153; x_wconf 91' lang='lat' dir='ltr'><strong>moriendi,</strong></span> <span class='ocrx_word' id='word_1_171' title='bbox 1005 2099 1061 2139; x_wconf 90' lang='lat' dir='ltr'><strong>nec</strong></span> <span class='ocrx_word' id='word_1_172' title='bbox 1081 2081 1140 2140; x_wconf 92' lang='lat' dir='ltr'><strong>dis·</strong></span> <span class='ocrx_word' id='word_1_173' title='bbox 1153 2100 1176 2140; x_wconf 78' lang='lat' dir='ltr'><strong>a</strong></span> 
     </span>
     <span class='ocr_line' id='line_1_22' title="bbox 123 2167 1141 2244; baseline 0.005 -19"><span class='ocrx_word' id='word_1_174' title='bbox 123 2169 238 2242; x_wconf 86' lang='lat' dir='ltr'><strong>simule,</strong></span> <span class='ocrx_word' id='word_1_175' title='bbox 262 2186 330 2226; x_wconf 92' lang='lat' dir='ltr'><strong>cum</strong></span> <span class='ocrx_word' id='word_1_176' title='bbox 349 2167 477 2244; x_wconf 87' lang='lat' dir='ltr'><strong>quadam</strong></span> <span class='ocrx_word' id='word_1_177' title='bbox 496 2170 698 2242; x_wconf 83' lang='lat' dir='ltr'><strong>cunctatione,</strong></span> <span class='ocrx_word' id='word_1_178' title='bbox 725 2187 791 2228; x_wconf 88' lang='lat' dir='ltr'><strong>cum</strong></span> <span class='ocrx_word' id='word_1_179' title='bbox 814 2187 906 2243; x_wconf 90' lang='lat' dir='ltr'><strong>mora,</strong></span> <span class='ocrx_word' id='word_1_180' title='bbox 930 2168 1021 2229; x_wconf 88' lang='lat' dir='ltr'><strong>sicuti</strong></span> <span class='ocrx_word' id='word_1_181' title='bbox 1035 2169 1141 2230; x_wconf 26' lang='lat' dir='ltr'><strong>,bonae</strong></span> 
     </span>
     <span class='ocr_line' id='line_1_23' title="bbox 123 2258 1140 2335; baseline 0.003 -20"><span class='ocrx_word' id='word_1_182' title='bbox 123 2259 320 2316; x_wconf 87' lang='lat' dir='ltr'><strong>eonscientiae</strong></span> <span class='ocrx_word' id='word_1_183' title='bbox 343 2259 425 2316; x_wconf 85' lang='lat' dir='ltr'><strong>lente</strong></span> <span class='ocrx_word' id='word_1_184' title='bbox 442 2276 530 2331; x_wconf 87' lang='lat' dir='ltr'><strong>mors,</strong></span> <span class='ocrx_word' id='word_1_185' title='bbox 554 2276 608 2315; x_wconf 93' lang='lat' dir='ltr'><strong>nec</strong></span> <span class='ocrx_word' id='word_1_186' title='bbox 630 2258 787 2333; x_wconf 85' lang='lat' dir='ltr'><strong>praecipiti</strong></span> <span class='ocrx_word' id='word_1_187' title='bbox 810 2278 864 2334; x_wconf 87' lang='lat' dir='ltr'><strong>per</strong></span> <span class='ocrx_word' id='word_1_188' title='bbox 882 2276 1022 2332; x_wconf 87' lang='lat' dir='ltr'><strong>suprema</strong></span> <span class='ocrx_word' id='word_1_189' title='bbox 1045 2261 1140 2335; x_wconf 91' lang='lat' dir='ltr'><strong>trepi-</strong></span> 
     </span>
     <span class='ocr_line' id='line_1_24' title="bbox 122 2346 1141 2422; baseline 0.004 -18"><span class='ocrx_word' id='word_1_190' title='bbox 122 2346 243 2405; x_wconf 83' lang='lat' dir='ltr'><strong>datione</strong></span> <span class='ocrx_word' id='word_1_191' title='bbox 265 2347 421 2420; x_wconf 87' lang='lat' dir='ltr'><strong>festinant,</strong></span> <span class='ocrx_word' id='word_1_192' title='bbox 446 2365 519 2421; x_wconf 91' lang='lat' dir='ltr'><strong>quos</strong></span> <span class='ocrx_word' id='word_1_193' title='bbox 541 2347 596 2405; x_wconf 89' lang='lat' dir='ltr'><strong>hoc</strong></span> <span class='ocrx_word' id='word_1_194' title='bbox 619 2347 715 2404; x_wconf 91' lang='lat' dir='ltr'><strong>solum</strong></span> <span class='ocrx_word' id='word_1_195' title='bbox 739 2347 818 2422; x_wconf 93' lang='lat' dir='ltr'><strong>quod</strong></span> <span class='ocrx_word' id='word_1_196' title='bbox 841 2349 887 2406; x_wconf 87' lang='lat' dir='ltr'><strong>sui</strong></span> <span class='ocrx_word' id='word_1_197' title='bbox 909 2347 1067 2421; x_wconf 89' lang='lat' dir='ltr'><strong>miserent,</strong></span> <span class='ocrx_word' id='word_1_198' title='bbox 1095 2366 1141 2408; x_wconf 88' lang='lat' dir='ltr'><strong>oc·</strong></span> 
     </span>
     <span class='ocr_line' id='line_1_25' title="bbox 123 2434 1141 2510; baseline 0.002 -16"><span class='ocrx_word' id='word_1_199' title='bbox 123 2436 203 2495; x_wconf 88' lang='lat' dir='ltr'><strong>cidit.</strong></span> <span class='ocrx_word' id='word_1_200' title='bbox 242 2434 317 2493; x_wconf 89' lang='lat' dir='ltr'><strong>abiit</strong></span> <span class='ocrx_word' id='word_1_201' title='bbox 338 2455 392 2510; x_wconf 90' lang='lat' dir='ltr'><strong>per</strong></span> <span class='ocrx_word' id='word_1_202' title='bbox 414 2437 521 2494; x_wconf 89' lang='lat' dir='ltr'><strong>tacitas</strong></span> <span class='ocrx_word' id='word_1_203' title='bbox 544 2437 769 2510; x_wconf 87' lang='lat' dir='ltr'><strong>conquestiones</strong></span> <span class='ocrx_word' id='word_1_204' title='bbox 792 2454 875 2494; x_wconf 87' lang='lat' dir='ltr'><strong>mens</strong></span> <span class='ocrx_word' id='word_1_205' title='bbox 898 2438 930 2493; x_wconf 90' lang='lat' dir='ltr'><strong>in</strong></span> <span class='ocrx_word' id='word_1_206' title='bbox 950 2435 1051 2494; x_wconf 88' lang='lat' dir='ltr'><strong>obitus</strong></span> <span class='ocrx_word' id='word_1_207' title='bbox 1072 2457 1141 2496; x_wconf 92' lang='lat' dir='ltr'><strong>con-</strong></span> 
     </span>
     <span class='ocr_line' id='line_1_26' title="bbox 122 2525 1178 2601; baseline 0.003 -18"><span class='ocrx_word' id='word_1_208' title='bbox 122 2526 317 2601; x_wconf 87' lang='lat' dir='ltr'><strong>templatione</strong></span> <span class='ocrx_word' id='word_1_209' title='bbox 340 2526 448 2599; x_wconf 88' lang='lat' dir='ltr'><strong>posita,</strong></span> <span class='ocrx_word' id='word_1_210' title='bbox 472 2527 501 2583; x_wconf 91' lang='lat' dir='ltr'><strong>et</strong></span> <span class='ocrx_word' id='word_1_211' title='bbox 523 2525 669 2583; x_wconf 84' lang='lat' dir='ltr'><strong>hausurus</strong></span> <span class='ocrx_word' id='word_1_212' title='bbox 687 2526 839 2599; x_wconf 90' lang='lat' dir='ltr'><strong>potionem</strong></span> <span class='ocrx_word' id='word_1_213' title='bbox 857 2543 917 2600; x_wconf 85' lang='lat' dir='ltr'><strong>qua</strong></span> <span class='ocrx_word' id='word_1_214' title='bbox 934 2527 1143 2586; x_wconf 88' lang='lat' dir='ltr'><strong>renuntiarem</strong></span> <span class='ocrx_word' id='word_1_215' title='bbox 1155 2544 1178 2586; x_wconf 76' lang='lat' dir='ltr'><strong>rt</strong></span> 
     </span>
     <span class='ocr_line' id='line_1_27' title="bbox 123 2614 1142 2689; baseline 0.001 -17"><span class='ocrx_word' id='word_1_216' title='bbox 123 2614 209 2674; x_wconf 92' lang='lat' dir='ltr'><strong>rebus</strong></span> <span class='ocrx_word' id='word_1_217' title='bbox 232 2614 384 2689; x_wconf 90' lang='lat' dir='ltr'><strong>humanis,</strong></span> <span class='ocrx_word' id='word_1_218' title='bbox 407 2615 502 2672; x_wconf 86' lang='lat' dir='ltr'><strong>totam</strong></span> <span class='ocrx_word' id='word_1_219' title='bbox 525 2614 605 2689; x_wconf 88' lang='lat' dir='ltr'><strong>apud</strong></span> <span class='ocrx_word' id='word_1_220' title='bbox 628 2633 658 2672; x_wconf 90' lang='lat' dir='ltr'><strong>se</strong></span> <span class='ocrx_word' id='word_1_221' title='bbox 681 2615 834 2689; x_wconf 82' lang='lat' dir='ltr'><strong>repetebat</strong></span> <span class='ocrx_word' id='word_1_222' title='bbox 859 2615 975 2672; x_wconf 84' lang='lat' dir='ltr'><strong>animus</strong></span> <span class='ocrx_word' id='word_1_223' title='bbox 999 2614 1142 2675; x_wconf 89' lang='lat' dir='ltr'><strong>innoeen-</strong></span> 
     </span>
     <span class='ocr_line' id='line_1_28' title="bbox 123 2703 1143 2778; baseline 0.002 -17"><span class='ocrx_word' id='word_1_224' title='bbox 123 2705 197 2762; x_wconf 88' lang='lat' dir='ltr'><strong>tiam</strong></span> <span class='ocrx_word' id='word_1_225' title='bbox 225 2722 322 2778; x_wconf 86' lang='lat' dir='ltr'><strong>suam,</strong></span> <span class='ocrx_word' id='word_1_226' title='bbox 355 2722 422 2761; x_wconf 92' lang='lat' dir='ltr'><strong>cum</strong></span> <span class='ocrx_word' id='word_1_227' title='bbox 449 2705 535 2778; x_wconf 87' lang='lat' dir='ltr'><strong>pater</strong></span> <span class='ocrx_word' id='word_1_228' title='bbox 562 2705 709 2760; x_wconf 87' lang='lat' dir='ltr'><strong>secretum</strong></span> <span class='ocrx_word' id='word_1_229' title='bbox 737 2703 816 2778; x_wconf 93' lang='lat' dir='ltr'><strong>quod</strong></span> <span class='ocrx_word' id='word_1_230' title='bbox 843 2722 897 2778; x_wconf 90' lang='lat' dir='ltr'><strong>per</strong></span> <span class='ocrx_word' id='word_1_231' title='bbox 925 2704 1143 2776; x_wconf 86' lang='lat' dir='ltr'><strong>inpatientiam</strong></span> 
     </span>
    </p>
   </div>
   <div class='ocr_carea' id='block_1_3' title="bbox 123 2853 1147 3088">
    <p class='ocr_par' dir='ltr' id='par_1_5' title="bbox 123 2853 1147 3088">
     <span class='ocr_line' id='line_1_29' title="bbox 196 2853 1143 2947; baseline 0.003 -22"><span class='ocrx_word' id='word_1_232' title='bbox 196 2878 209 2925; x_wconf 93' lang='lat'>1</span> <span class='ocrx_word' id='word_1_233' title='bbox 230 2865 369 2947; x_wconf 63' lang='lat' dir='ltr'><strong>miseritus</strong></span> <span class='ocrx_word' id='word_1_234' title='bbox 389 2874 430 2927; x_wconf 77' lang='lat' dir='ltr'><strong>bis</strong></span> <span class='ocrx_word' id='word_1_235' title='bbox 447 2880 485 2938; x_wconf 77' lang='grc' dir='ltr'><strong>Β;</strong></span> <span class='ocrx_word' id='word_1_236' title='bbox 505 2872 635 2924; x_wconf 85' lang='lat' dir='ltr'><strong>misertus</strong></span> <span class='ocrx_word' id='word_1_237' title='bbox 653 2881 711 2936; x_wconf 65' lang='lat' dir='ltr'><strong>Vel</strong></span> <span class='ocrx_word' id='word_1_238' title='bbox 761 2853 844 2946; x_wconf 66' lang='lat' dir='ltr'><strong>pitus</strong></span> <span class='ocrx_word' id='word_1_239' title='bbox 864 2881 891 2924; x_wconf 99' lang='grc' dir='ltr'><em>Β</em></span> <span class='ocrx_word' id='word_1_240' title='bbox 908 2874 987 2940; x_wconf 83' lang='lat' dir='ltr'><strong>(corr.</strong></span> <span class='ocrx_word' id='word_1_241' title='bbox 1003 2874 1045 2942; x_wconf 66' lang='lat'><strong>6),</strong></span> <span class='ocrx_word' id='word_1_242' title='bbox 1065 2875 1143 2942; x_wconf 89' lang='lat' dir='ltr'><strong>patri</strong></span> 
     </span>
     <span class='ocr_line' id='line_1_30' title="bbox 124 2941 1142 3012; baseline 0.003 -16"><span class='ocrx_word' id='word_1_243' title='bbox 124 2953 156 2996; x_wconf 74' lang='grc' dir='ltr'><em>Β</em></span> <span class='ocrx_word' id='word_1_244' title='bbox 188 2945 348 3012; x_wconf 86' lang='lat' dir='ltr'><strong>prospicere</strong></span> <span class='ocrx_word' id='word_1_245' title='bbox 361 2953 390 2997; x_wconf 93' lang='grc' dir='ltr'><em>Β</em></span> <span class='ocrx_word' id='word_1_246' title='bbox 425 2941 560 2996; x_wconf 67' lang='lat' dir='ltr'><strong>avita&#39;v</strong></span> <span class='ocrx_word' id='word_1_247' title='bbox 593 2943 681 2997; x_wconf 88' lang='lat' dir='ltr'><strong>vitare</strong></span> <span class='ocrx_word' id='word_1_248' title='bbox 698 2942 762 2996; x_wconf 85' lang='lat' dir='ltr'><strong>odd.</strong></span> <span class='ocrx_word' id='word_1_249' title='bbox 777 2944 855 2998; x_wconf 75' lang='lat' dir='ltr'><strong>Deos.</strong></span> <span class='ocrx_word' id='word_1_250' title='bbox 868 2951 901 3011; x_wconf 61' lang='lat' dir='ltr'><strong>pss</strong></span> <span class='ocrx_word' id='word_1_251' title='bbox 909 2947 948 2996; x_wconf 82' lang='lat'><strong>87</strong></span> <span class='ocrx_word' id='word_1_252' title='bbox 983 2949 1142 2999; x_wconf 85' lang='lat' dir='ltr'><strong>30mnem:</strong></span> 
     </span>
     <span class='ocr_line' id='line_1_31' title="bbox 123 3013 1147 3088; baseline 0.003 -21"><span class='ocrx_word' id='word_1_253' title='bbox 123 3015 264 3068; x_wconf 89' lang='lat' dir='ltr'><strong>hominem</strong></span> <span class='ocrx_word' id='word_1_254' title='bbox 278 3025 316 3083; x_wconf 82' lang='grc' dir='ltr'><strong>Β;</strong></span> <span class='ocrx_word' id='word_1_255' title='bbox 335 3015 456 3069; x_wconf 88' lang='lat' dir='ltr'><strong>hominis</strong></span> <span class='ocrx_word' id='word_1_256' title='bbox 470 3023 499 3080; x_wconf 69' lang='lat' dir='ltr'><strong>r,</strong></span> <span class='ocrx_word' id='word_1_257' title='bbox 518 3013 639 3067; x_wconf 91' lang='lat' dir='ltr'><strong>hominis</strong></span> <span class='ocrx_word' id='word_1_258' title='bbox 659 3030 768 3067; x_wconf 91' lang='lat' dir='ltr'><strong>omnem</strong></span> <span class='ocrx_word' id='word_1_259' title='bbox 782 3016 860 3069; x_wconf 80' lang='lat' dir='ltr'><strong>Deos.</strong></span> <span class='ocrx_word' id='word_1_260' title='bbox 927 3020 942 3067; x_wconf 85' lang='grc'><strong>6</strong></span> <span class='ocrx_word' id='word_1_261' title='bbox 960 3019 1100 3088; x_wconf 67' lang='lat' dir='ltr'><strong>parcere}</strong></span> <span class='ocrx_word' id='word_1_262' title='bbox 1113 3026 1147 3070; x_wconf 77' lang='grc' dir='ltr'>Ι</span> 
     </span>
    </p>
   </div>
   <div class='ocr_carea' id='block_1_4' title="bbox 123 3103 1147 3568">
    <p class='ocr_par' dir='ltr' id='par_1_6' title="bbox 124 3103 1147 3418">
     <span class='ocr_line' id='line_1_32' title="bbox 126 3103 1144 3212; baseline 0.004 -20"><span class='ocrx_word' id='word_1_263' title='bbox 126 3140 284 3192; x_wconf 83' lang='lat' dir='ltr'><strong>7cedentis</strong></span> <span class='ocrx_word' id='word_1_264' title='bbox 299 3161 317 3192; x_wconf 87' lang='grc' dir='ltr'><strong>α</strong></span> <span class='ocrx_word' id='word_1_265' title='bbox 362 3103 570 3212; x_wconf 59' lang='lat' dir='ltr'><strong>creeodessiori</strong></span> <span class='ocrx_word' id='word_1_266' title='bbox 585 3148 613 3192; x_wconf 97' lang='grc' dir='ltr'><em>Β</em></span> <span class='ocrx_word' id='word_1_267' title='bbox 658 3143 691 3192; x_wconf 86' lang='grc'><strong>10</strong></span> <span class='ocrx_word' id='word_1_268' title='bbox 711 3139 1058 3208; x_wconf 88' lang='lat' dir='ltr'><strong>querelis-imponerem</strong></span> <span class='ocrx_word' id='word_1_269' title='bbox 1078 3141 1096 3195; x_wconf 83' lang='lat' dir='ltr'><strong>l.</strong></span> <span class='ocrx_word' id='word_1_270' title='bbox 1107 3145 1144 3196; x_wconf 86' lang='lat'><strong>12</strong></span> 
     </span>
     <span class='ocr_line' id='line_1_33' title="bbox 124 3209 1143 3279; baseline 0.001 -14"><span class='ocrx_word' id='word_1_271' title='bbox 124 3228 174 3265; x_wconf 86' lang='lat' dir='ltr'><strong>om.</strong></span> <span class='ocrx_word' id='word_1_272' title='bbox 190 3219 222 3262; x_wconf 84' lang='grc' dir='ltr'><em>Β</em></span> <span class='ocrx_word' id='word_1_273' title='bbox 299 3216 363 3279; x_wconf 80' lang='lat' dir='ltr'><strong>post</strong></span> <span class='ocrx_word' id='word_1_274' title='bbox 381 3211 525 3264; x_wconf 88' lang='lat' dir='ltr'><strong>absolutus</strong></span> <span class='ocrx_word' id='word_1_275' title='bbox 545 3209 609 3266; x_wconf 86' lang='lat' dir='ltr'><strong>odd.</strong></span> <span class='ocrx_word' id='word_1_276' title='bbox 624 3226 687 3263; x_wconf 88' lang='lat' dir='ltr'><strong>reus</strong></span> <span class='ocrx_word' id='word_1_277' title='bbox 707 3223 752 3274; x_wconf 71' lang='lat' dir='ltr'><strong>aas</strong></span> <span class='ocrx_word' id='word_1_278' title='bbox 825 3209 921 3278; x_wconf 79' lang='lat' dir='ltr'><strong>qrcllis</strong></span> <span class='ocrx_word' id='word_1_279' title='bbox 939 3219 968 3263; x_wconf 93' lang='grc' dir='ltr'><em>Β</em></span> <span class='ocrx_word' id='word_1_280' title='bbox 1050 3218 1083 3266; x_wconf 92' lang='grc'><strong>11</strong></span> <span class='ocrx_word' id='word_1_281' title='bbox 1104 3230 1143 3268; x_wconf 78' lang='lat' dir='ltr'><strong>oe</strong></span> 
     </span>
     <span class='ocr_line' id='line_1_34' title="bbox 124 3280 1147 3350; baseline 0.004 -16"><span class='ocrx_word' id='word_1_282' title='bbox 124 3280 277 3335; x_wconf 77' lang='lat' dir='ltr'><strong>consciis?</strong></span> <span class='ocrx_word' id='word_1_283' title='bbox 327 3288 359 3335; x_wconf 85' lang='grc'><strong>12</strong></span> <span class='ocrx_word' id='word_1_284' title='bbox 378 3282 521 3350; x_wconf 86' lang='lat' dir='ltr'><strong>imponere</strong></span> <span class='ocrx_word' id='word_1_285' title='bbox 541 3295 576 3346; x_wconf 74' lang='lat' dir='ltr'><strong>ae</strong></span> <span class='ocrx_word' id='word_1_286' title='bbox 629 3282 678 3349; x_wconf 94' lang='lat' dir='ltr'><strong>qui</strong></span> <span class='ocrx_word' id='word_1_287' title='bbox 692 3291 729 3348; x_wconf 75' lang='grc' dir='ltr'><strong>Β,</strong></span> <span class='ocrx_word' id='word_1_288' title='bbox 748 3297 863 3336; x_wconf 71' lang='lat' dir='ltr'><strong>corr-m</strong></span> <span class='ocrx_word' id='word_1_289' title='bbox 918 3287 951 3333; x_wconf 82' lang='lat'><strong>13</strong></span> <span class='ocrx_word' id='word_1_290' title='bbox 969 3297 1015 3335; x_wconf 89' lang='lat' dir='ltr'><strong>me</strong></span> <span class='ocrx_word' id='word_1_291' title='bbox 1029 3298 1083 3337; x_wconf 84' lang='lat' dir='ltr'><strong>cm.</strong></span> <span class='ocrx_word' id='word_1_292' title='bbox 1097 3294 1147 3338; x_wconf 77' lang='lat' dir='ltr'><strong>Be</strong></span> 
     </span>
     <span class='ocr_line' id='line_1_35' title="bbox 125 3352 1092 3418; baseline 0.004 -13"><span class='ocrx_word' id='word_1_293' title='bbox 125 3353 263 3407; x_wconf 75' lang='lat' dir='ltr'><strong>sesicut:</strong></span> <span class='ocrx_word' id='word_1_294' title='bbox 284 3352 307 3406; x_wconf 89' lang='lat' dir='ltr'><strong>si</strong></span> <span class='ocrx_word' id='word_1_295' title='bbox 327 3354 501 3418; x_wconf 56' lang='lat' dir='ltr'><strong>dicuntur}</strong></span> <span class='ocrx_word' id='word_1_296' title='bbox 521 3353 605 3406; x_wconf 87' lang='lat' dir='ltr'><strong>sicuti</strong></span> <span class='ocrx_word' id='word_1_297' title='bbox 625 3362 656 3404; x_wconf 79' lang='grc' dir='ltr'><em>Μ</em></span> <span class='ocrx_word' id='word_1_298' title='bbox 711 3353 781 3405; x_wconf 88' lang='lat' dir='ltr'><strong>mori</strong></span> <span class='ocrx_word' id='word_1_299' title='bbox 800 3363 833 3404; x_wconf 85' lang='lat' dir='ltr'><em>M</em></span> <span class='ocrx_word' id='word_1_300' title='bbox 871 3358 924 3410; x_wconf 62' lang='lat'><strong>,19</strong></span> <span class='ocrx_word' id='word_1_301' title='bbox 944 3353 1041 3407; x_wconf 90' lang='lat' dir='ltr'><strong>oculus</strong></span> <span class='ocrx_word' id='word_1_302' title='bbox 1062 3365 1092 3409; x_wconf 91' lang='grc' dir='ltr'><em>Β</em></span> 
     </span>
    </p>

    <p class='ocr_par' dir='ltr' id='par_1_7' title="bbox 123 3424 1146 3568">
     <span class='ocr_line' id='line_1_36' title="bbox 123 3424 1144 3497; baseline 0.004 -20"><span class='ocrx_word' id='word_1_303' title='bbox 123 3430 156 3490; x_wconf 84' lang='grc'><strong>21</strong></span> <span class='ocrx_word' id='word_1_304' title='bbox 178 3424 320 3494; x_wconf 87' lang='lat' dir='ltr'><strong>quandam</strong></span> <span class='ocrx_word' id='word_1_305' title='bbox 335 3433 361 3476; x_wconf 93' lang='grc' dir='ltr'><em>Β</em></span> <span class='ocrx_word' id='word_1_306' title='bbox 449 3425 523 3478; x_wconf 88' lang='lat' dir='ltr'><strong>bona</strong></span> <span class='ocrx_word' id='word_1_307' title='bbox 542 3426 570 3478; x_wconf 90' lang='lat' dir='ltr'><strong>et</strong></span> <span class='ocrx_word' id='word_1_308' title='bbox 588 3433 649 3490; x_wconf 76' lang='lat' dir='ltr'><strong>BV3</strong></span> <span class='ocrx_word' id='word_1_309' title='bbox 667 3424 740 3477; x_wconf 91' lang='lat' dir='ltr'><strong>bone</strong></span> <span class='ocrx_word' id='word_1_310' title='bbox 759 3441 809 3477; x_wconf 72' lang='lat' dir='ltr'><strong>ore.</strong></span> <span class='ocrx_word' id='word_1_311' title='bbox 825 3433 863 3490; x_wconf 73' lang='grc' dir='ltr'><strong>Β,</strong></span> <span class='ocrx_word' id='word_1_312' title='bbox 882 3441 956 3493; x_wconf 81' lang='lat' dir='ltr'><strong>supr.</strong></span> <span class='ocrx_word' id='word_1_313' title='bbox 971 3445 1003 3476; x_wconf 86' lang='lat' dir='ltr'><strong>m</strong></span> <span class='ocrx_word' id='word_1_314' title='bbox 1021 3430 1048 3479; x_wconf 82' lang='lat' dir='ltr'><strong>et</strong></span> <span class='ocrx_word' id='word_1_315' title='bbox 1066 3445 1087 3497; x_wconf 89' lang='lat' dir='ltr'><strong>p</strong></span> <span class='ocrx_word' id='word_1_316' title='bbox 1106 3428 1144 3483; x_wconf 84' lang='lat' dir='ltr'><strong>c&#39;r.</strong></span> 
     </span>
     <span class='ocr_line' id='line_1_37' title="bbox 124 3494 1146 3568; baseline 0.005 -19"><span class='ocrx_word' id='word_1_317' title='bbox 124 3501 158 3550; x_wconf 87' lang='grc'><strong>22</strong></span> <span class='ocrx_word' id='word_1_318' title='bbox 177 3496 265 3568; x_wconf 62' lang='lat' dir='ltr'><strong>mesre</strong></span> <span class='ocrx_word' id='word_1_319' title='bbox 283 3505 312 3549; x_wconf 93' lang='grc' dir='ltr'><em>Β</em></span> <span class='ocrx_word' id='word_1_320' title='bbox 364 3500 398 3547; x_wconf 84' lang='grc'><strong>23</strong></span> <span class='ocrx_word' id='word_1_321' title='bbox 417 3495 584 3549; x_wconf 86' lang='lat' dir='ltr'><strong>miserentur</strong></span> <span class='ocrx_word' id='word_1_322' title='bbox 597 3505 630 3548; x_wconf 75' lang='grc' dir='ltr'><em>Β</em></span> <span class='ocrx_word' id='word_1_323' title='bbox 681 3501 715 3548; x_wconf 80' lang='grc'><strong>24</strong></span> <span class='ocrx_word' id='word_1_324' title='bbox 735 3494 913 3563; x_wconf 82' lang='lat' dir='ltr'><strong>conpletione</strong></span> <span class='ocrx_word' id='word_1_325' title='bbox 927 3504 955 3548; x_wconf 97' lang='grc' dir='ltr'><em>Β</em></span> <span class='ocrx_word' id='word_1_326' title='bbox 1008 3500 1042 3549; x_wconf 79' lang='grc'><strong>25</strong></span> <span class='ocrx_word' id='word_1_327' title='bbox 1059 3513 1146 3553; x_wconf 85' lang='lat' dir='ltr'><strong>ausu-</strong></span> 
     </span>
    </p>
   </div>
   <div class='ocr_carea' id='block_1_5' title="bbox 118 3585 1069 3672">
    <p class='ocr_par' dir='ltr' id='par_1_8' title="bbox 118 3585 1069 3672">
     <span class='ocr_line' id='line_1_38' title="bbox 118 3585 1069 3672; baseline 0.003 -17"><span class='ocrx_word' id='word_1_328' title='bbox 118 3620 169 3656; x_wconf 86' lang='lat' dir='ltr'><strong>rus</strong></span> <span class='ocrx_word' id='word_1_329' title='bbox 187 3625 206 3657; x_wconf 83' lang='lat' dir='ltr'><strong>a</strong></span> <span class='ocrx_word' id='word_1_330' title='bbox 277 3585 470 3658; x_wconf 81' lang='lat' dir='ltr'><strong>renduciarem</strong></span> <span class='ocrx_word' id='word_1_331' title='bbox 489 3612 516 3655; x_wconf 95' lang='grc' dir='ltr'><em>Β</em></span> <span class='ocrx_word' id='word_1_332' title='bbox 586 3608 620 3655; x_wconf 90' lang='grc'><strong>26</strong></span> <span class='ocrx_word' id='word_1_333' title='bbox 639 3603 730 3655; x_wconf 89' lang='lat' dir='ltr'><strong>totum</strong></span> <span class='ocrx_word' id='word_1_334' title='bbox 748 3611 769 3653; x_wconf 73' lang='lat' dir='ltr'><strong><em>V</em></strong></span> <span class='ocrx_word' id='word_1_335' title='bbox 836 3603 988 3672; x_wconf 83' lang='lat' dir='ltr'><strong>reputabat</strong></span> <span class='ocrx_word' id='word_1_336' title='bbox 1006 3613 1069 3658; x_wconf 75' lang='grc' dir='ltr'><strong>ΒΒ</strong></span> 
     </span>
    </p>
   </div>
   <div class='ocr_carea' id='block_1_6' title="bbox 0 0 1223 3952">
    <p class='ocr_par' dir='ltr' id='par_1_9' title="bbox 0 0 1223 3952">
     <span class='ocr_line' id='line_1_39' title="bbox 0 0 1223 3952; baseline 0 0"><span class='ocrx_word' id='word_1_337' title='bbox 0 0 1223 3952; x_wconf 95' lang='lat' dir='ltr'><strong> </strong></span> 
     </span>
    </p>
   </div>
  </div>
 </body>
</html>
