2430 3952
107 172 170 238 116
510 171 721 228 GLADIA'POR

104 340 185 417 quod
211 342 286 400 mihi
312 344 376 400 tam
402 359 510 417 parum
537 341 691 400 obiciatur.
736 341 931 417 redemptoris
954 343 1013 400 mei
1038 345 1121 417 patri

103 430 135 488 in
158 431 288 506 pretium
310 451 410 489 meum
432 430 518 504 orbo,
541 432 640 508 egenti
668 430 740 505 quid
766 429 929 505 praestiti?
972 431 1051 506 quod
1073 433 1120 508 pi·

103 521 171 578 rata
199 522 300 595 capto,
328 520 408 595 quod
437 520 549 579 lanista
578 519 753 597 gladiatori,
783 521 921 597 exiguam
950 522 1058 596 stipem
1089 526 1120 580 et

105 608 185 668 cibos
204 627 319 684 semper
336 609 486 684 petendos
524 609 703 685 quantulum
721 610 800 667 enim
819 608 883 666 dari
901 610 1020 685 poterat
1039 612 1121 685 quod

104 717 164 757 non
185 698 309 757 sentiret
327 698 463 756 dominus
481 700 545 757 tam
564 695 717 756 curiosus?
754 697 789 756 de
811 697 916 756 haere
935 698 1119 775 consedistis,
1148 720 1159 759 s

103 786 159 846 hoo
177 789 340 846 concitavit
361 789 451 846 istam
473 786 576 844 iudicii
595 805 741 860 scaenam,
763 787 850 863 panis
869 787 955 845 datus
974 787 1119 863 mendice,

105 878 136 933 et
163 875 291 934 dilatata
317 876 374 934 hac
405 875 599 951 impotentiae
631 878 750 934 nostrae
779 875 916 950 opinione
944 875 1121 935 videbamur

106 965 215 1024 amicos
239 965 316 1024 ferro
340 965 480 1039 occidere,
505 964 640 1023 inimicos
663 965 750 1023 fame.
797 967 999 1039 computemus
1023 968 1120 1024 totam

104 1056 195 1113 istam
216 1073 299 1113 meae
322 1053 456 1112 luxuriae
478 1054 657 1129 impensam,
685 1053 786 1111 audite
809 1070 954 1112 summam
977 1057 1007 1112 et
1030 1057 1119 1113 mira·

104 1143 191 1216 mini,
214 1142 240 1201 si
261 1142 315 1202 hos
339 1145 474 1217 sumptus
497 1161 533 1201 ne
559 1141 682 1201 divitiae
705 1142 824 1216 quidem
847 1141 1001 1202 sustinent.
1038 1144 1118 1202 tanti
1134 1164 1160 1204 ro

105 1233 222 1290 constat
239 1232 320 1306 patri
339 1231 497 1307 captivitas
515 1249 590 1306 mea,
612 1250 679 1290 cum
696 1233 760 1290 tam
780 1249 847 1290 caro
865 1231 1034 1307 redemptus
1053 1232 1118 1290 sim.

106 1339 164 1396 quo
187 1320 309 1379 tandem
329 1322 471 1396 patereris
491 1321 599 1394 animo,
622 1320 648 1378 si
666 1320 809 1379 delicatus
828 1321 1011 1396 adulescens,
1033 1339 1118 1397 prae·

105 1409 207 1468 sertim
229 1408 391 1485 splendidis
415 1408 532 1484 opibus,
555 1409 603 1467 vel
626 1427 662 1467 ex
684 1411 781 1468 aetate
808 1427 904 1468 mores
930 1410 978 1468 vel
1002 1429 1036 1468 ex
1059 1410 1119 1469 ior-

104 1501 179 1557 tuna
204 1501 361 1558 traxissem
389 1500 419 1557 et
441 1498 619 1573 tempestiva
642 1498 779 1556 convivia
802 1501 832 1557 et
854 1499 1012 1575 pervigiles
1037 1501 1118 1559 iocos

106 1587 251 1647 advocata
283 1587 430 1647 sodalium
460 1587 550 1645 turba
576 1587 692 1646 solutus
720 1589 810 1662 atque
838 1587 970 1646 adfluens
1001 1607 1120 1664 agerem
1134 1609 1160 1650 15

105 1679 280 1752 tantumque
307 1676 508 1752 impenderem
531 1679 678 1750 quantum
699 1695 759 1734 non
781 1678 881 1752 posset
903 1678 933 1734 te
961 1678 1119 1753 ignorante

106 1766 250 1840 consumi,
279 1784 356 1840 quae
379 1769 480 1824 tamen
503 1766 569 1840 ipsa
591 1765 663 1823 boni
689 1768 789 1839 patres
816 1765 944 1824 libenter
966 1765 1051 1825 annis
1074 1786 1119 1825 re-

104 1853 257 1929 miserunt,
281 1873 347 1913 oum
367 1854 552 1913 abdicatione
572 1853 695 1930 dignum
717 1856 804 1929 putes
824 1857 854 1913 et
872 1854 978 1913 ultimo
1001 1855 1119 1930 patriae

105 1944 263 2018 potestatis
295 1944 419 2002 fulmine
452 1940 644 2001 coercendum
671 1961 763 2017 quare
795 1943 929 2002 mendico
957 1946 1022 2002 seni
1050 1962 1118 2018 por·

104 2034 239 2105 rexerim,
262 2034 297 2090 ut
319 2032 491 2106 parcissime
514 2031 620 2104 dicam,
643 2031 722 2107 quod
744 2032 791 2089 illi
813 2032 892 2090 filius
915 2030 1018 2092 misit?
1058 2051 1118 2092 non
1133 2054 1160 2094 ao

105 2119 259 2196 redempta
282 2121 430 2194 meretrix,
453 2139 512 2178 non
536 2123 668 2197 egestum
692 2122 835 2179 conviviis
858 2121 970 2195 faenus,
996 2141 1054 2180 non
1078 2122 1119 2180 le-

105 2228 216 2267 nonum
238 2209 496 2284 parasitorumque
520 2227 589 2268 cara
612 2207 744 2267 adulatio
771 2211 802 2267 in
826 2211 936 2269 crimen
959 2211 1054 2285 venit,
1079 2212 1119 2269 oi-

105 2297 190 2355 baria
219 2298 296 2357 senis
324 2317 429 2374 nempe
457 2296 545 2357 unius
575 2299 674 2357 aetate
703 2317 738 2356 ac
765 2300 851 2357 malis
883 2301 1015 2358 confecti.
1062 2300 1119 2358 hoc

106 2386 227 2446 divitias
254 2389 323 2446 tuas
351 2385 504 2446 concutit?
534 2388 590 2446 hoc
621 2387 778 2445 fundatam
810 2388 942 2463 paternis
970 2389 1118 2463 avitisque

106 2476 211 2550 opibus
244 2476 363 2535 domum
395 2474 550 2534 exhaurit?
601 2476 625 2535 si
658 2479 721 2534 tam
753 2495 860 2535 avarus
893 2496 936 2551 es,
970 2480 1159 2553 computans

106 2564 202 2624 adhuc
225 2565 260 2624 de
284 2567 381 2624 alieno
404 2565 473 2624 vixi.

54 2654 89 2709 11
171 2654 214 2713 At
240 2656 312 2714 haec
340 2655 466 2714 fortasse
490 2672 565 2730 quae
589 2655 761 2713 circumstat
787 2654 931 2713 iudicium
957 2673 1066 2714 corona
1089 2658 1118 2714 et

106 2744 200 2803 omnis
228 2745 334 2822 ignara
361 2762 466 2802 causae
494 2743 583 2801 turba
610 2762 752 2820 magnum
774 2745 872 2802 nescio
900 2743 972 2818 quid
996 2747 1026 2803 et
1050 2764 1118 2819 por-

179 2949 301 3017 lpatris
323 2961 343 3002 c
413 2948 569 3018 antipam}
588 2951 615 3017 (3
634 2948 684 3003 litt.
700 2949 786 3016 er.)V
854 2931 1048 3002 bdominnB

106 3019 240 3073 uindicii
259 3037 309 3075 om.
328 3029 349 3072 V
437 3019 616 3073 lvideamur
638 3028 667 3085 V3
691 3019 818 3073 videmur
835 3028 868 3072 Ι
955 3019 1118 3075 8occidere

105 3090 178 3145 ferro
201 3101 223 3143 V
317 3090 482 3145 sluxoriae
504 3099 526 3143 V
610 3089 737 3143 luxuriae
756 3104 869 3155 mesca
968 3096 1001 3145 10
1022 3107 1074 3145 nec
1092 3101 1120 3144 Β

107 3167 140 3215 13
165 3162 265 3231 opibus
285 3173 311 3215 s:
336 3161 466 3232 operibus
485 3183 508 3214 ω
599 3167 632 3214 14
654 3161 813 3215 traxissem:
839 3161 1003 3215 transissem
1025 3172 1051 3215 J

106 3233 182 3287 iocos
201 3246 246 3298 cu:
265 3232 341 3287 locos
356 3255 375 3286 α
389 3233 474 3302 (locos
489 3233 532 3287 vel
547 3232 623 3287 iocos
641 3249 716 3302 capr.
730 3235 785 3303 m),
804 3232 873 3287 licos
887 3254 916 3299 y;
934 3233 1015 3286 ludos
1031 3245 1047 3286 s

107 3309 139 3358 17
159 3303 280 3358 libenter
293 3321 343 3359 om.
358 3312 393 3371 Β,
406 3321 564 3374 cupamau.
580 3305 639 3358 aliu
694 3309 726 3356 19
745 3304 914 3373 perrexerim
927 3313 955 3357 Β
1008 3310 1040 3357 21
1060 3321 1118 3359 me-

105 3376 188 3429 ritrix
205 3385 232 3429 Β
315 3375 448 3429 lenonum
466 3393 499 3431 ec
516 3375 579 3430 leno
598 3392 654 3429 non
672 3382 700 3427 Β
788 3381 821 3430 22
842 3376 1030 3444 parasitorum
1050 3393 1118 3444 qno-

107 3498 160 3550 que
179 3491 206 3535 Β
268 3480 414 3535 adhulatio
437 3492 459 3534 V
526 3488 560 3537 25
584 3463 712 3548 exhauiit
731 3491 763 3535 a!
832 3487 865 3535 27
886 3464 922 3535 ad
940 3491 998 3535 ΒΜ
1065 3483 1118 3536 cir-

107 3556 198 3608 costat
216 3563 243 3606 P
312 3553 436 3607 iudicum
456 3563 501 3617 Mc
573 3559 607 3608 28
626 3569 711 3607 causa
729 3563 756 3606 Ρ
