2430 3952
370 201 604 257 cuchemo
622 201 713 299 xuni
727 207 840 256 13-15.
1047 201 1113 266 333

165 371 299 432 Mirabar
316 374 347 430 at
364 390 429 449 ego,
451 371 572 446 indicae,
589 371 617 430 ei
634 374 699 429 tam
715 371 845 430 nefande
864 372 999 447 quaestio
1019 371 1113 430 aliurn

100 459 212 521 exitum
232 459 380 536 potuisset
402 460 510 520 habere
534 478 626 536 qnam
647 463 782 520 mortam
818 461 867 519 hic
891 463 937 519 est
957 459 1114 536 parricidii

99 549 203 626 pudor,
232 551 275 608 sic
303 549 446 608 desinunt
474 568 550 625 quae
582 549 712 626 incipere
743 569 803 609 non
832 549 950 608 debent.
995 549 1113 609 facium

101 638 296 714 quaestionis,
323 637 422 714 operis
451 637 559 697 sceiere
588 639 700 697 maiore
729 640 808 698 exire
837 637 895 697 tibi
921 637 1030 698 videris
1059 658 1113 714 per

73 727 267 788 corbitatem.
312 729 422 787 scimus
445 727 523 786 unde
545 729 662 786 venerit
687 728 747 786 iste
773 727 938 800 contentio,
966 727 1042 785 nihil
1065 747 1112 786 ex-

99 818 189 876 torsit
215 816 342 876 mritis
372 817 489 876 misero.
535 815 630 875 vincit
660 818 849 893 torquentem
876 816 928 893 qui
960 816 1112 875 occiditur.

166 905 294 965 Iamiam
319 923 380 965 non
405 906 499 964 miror
524 905 603 980 quod
629 907 699 980 post
725 906 784 964 ista
805 924 866 964 non
888 905 978 964 habes
1002 924 1113 980 vocem,

100 993 191 1053 verba
217 1012 277 1053 non
302 995 427 1054 iuvenis.
473 995 594 1053 unicum
620 995 684 1053 sine
710 996 787 1054 teste
813 995 965 1069 lacerasti,
991 996 1114 1053 unicum

100 1082 248 1158 occidisti,
275 1084 331 1143 soli
358 1082 415 1141 tibi
437 1083 543 1141 deinde
565 1083 611 1142 vis
634 1083 730 1142 rideri
757 1084 851 1142 celare
880 1083 995 1142 facimus
1022 1085 1054 1142 et
1079 1085 1113 1142 in

99 1171 260 1248 parricidio
282 1173 402 1247 quaeris
425 1171 548 1231 aliunde
574 1170 738 1230 tristitiam.
783 1175 976 1248 praepostere
999 1191 1045 1232 res
1069 1175 1114 1232 est

135 1260 196 1320 'um
219 1261 363 1335 cecidere,
390 1259 498 1319 deinde
526 1259 703 1320 arnbescere.
748 1261 793 1320 fas
817 1280 876 1320 non
898 1264 944 1320 est
967 1280 1027 1320 nun
1047 1280 1113 1321 eece

121 1352 213 1420 ctum,
230 1349 446 1425 propterquod
465 1366 495 1408 se
513 1348 662 1426 parricida
680 1352 769 1426 putat
786 1351 981 1409 innocentem.
1019 1352 1113 1428 eligas

101 1440 203 1498 utrum
225 1438 321 1497 voles:
349 1441 403 1496 aut
423 1440 573 1497 tormenta
600 1438 721 1497 damnes
743 1457 861 1498 nenena
883 1442 929 1497 est
951 1443 1005 1498 aut
1025 1440 1112 1499 silan-

100 1528 185 1586 tium.
220 1527 302 1602 qued
323 1545 384 1585 non
406 1526 494 1586 tebet
515 1527 651 1601 indicari,
675 1546 735 1586 nou
758 1527 847 1586 debet
868 1530 980 1602 quaeri.
1017 1530 1113 1604 poesis

100 1615 196 1675 risen
209 1614 353 1688 fortassis,
368 1615 567 1676 crudelissime
586 1634 682 1688 senex,
702 1616 854 1674 silentium
872 1615 933 1676 filia
952 1619 1114 1692 praestare,

101 1707 128 1765 si
149 1704 271 1763 viveret.
317 1707 490 1780 consumpta
512 1705 559 1764 eet
579 1705 698 1781 paterni
721 1705 848 1764 nominis
870 1705 989 1783 religio,
1018 1707 1114 1765 omnis

100 1793 222 1871 pietatis
244 1792 364 1854 sublata
386 1793 559 1853 reverentie.
605 1793 709 1854 sihoc
731 1794 783 1852 ille
804 1795 928 1868 marcuit,
952 1812 1060 1870 parum
1081 1796 1114 1854 in

84 1883 287 1958 quaestione,
318 1902 425 1958 parum
456 1883 579 1942 ultionis
609 1883 640 1941 in
667 1885 763 1941 morte
788 1885 844 1942 est.
888 1883 1041 1943 vindicare
1067 1885 1114 1942 vis

102 1969 335 2032 confessionem?
357 1971 464 2031 traduc
486 1972 613 2032 cadaver
632 1973 662 2031 et
683 1989 773 2048 super
794 1972 849 2031 illc
866 1972 990 2032 vulnera
1014 1969 1114 2032 cunnos

62 2080 178 2136 repone
200 2079 313 2122 caunas
359 2080 418 2120 nen
442 2063 488 2120 ent
510 2061 641 2122 eiusdem
667 2061 757 2120 fateri
778 2080 832 2120 cur
853 2063 988 2136 torseris,
1015 2064 1046 2122 et
1068 2065 1114 2122 ta·

102 2168 166 2209 cere
185 2168 238 2210 cur
260 2149 411 2210 occideris,
449 2150 521 2226 quid
543 2149 597 2224 aie,
615 2152 798 2210 seuniasime
815 2149 985 2226 parricida?
1017 2151 1118 2210 filium.
1129 2148 1166 2205 15

102 2238 308 2314 consumpsisti
332 2259 386 2315 per
407 2239 541 2317 flagella,
568 2259 622 2316 per
643 2239 779 2298 luminas.
824 2242 910 2315 potes
934 2239 1043 2317 agere?
1069 2243 1114 2300 vi·

102 2345 184 2386 scere
211 2327 247 2386 de
274 2329 335 2387 tuis
362 2331 506 2403 concepta
531 2329 687 2403 vitalibus,
715 2328 891 2406 sanguinem
916 2328 969 2405 qui
996 2329 1032 2388 dc
1059 2332 1115 2389 tua

38 2417 44 2427 '
102 2416 190 2475 fluxit
216 2417 328 2491 anima,
357 2435 416 2476 ncn
442 2417 574 2492 insanin,
601 2436 661 2476 non
683 2417 783 2476 fluore
805 2417 870 2491 sed,
896 2420 1045 2493 quantum
1067 2420 1114 2477 vis

62 2524 89 2566 ns
102 2505 210 2578 videri,
238 2506 374 2579 consilio,
401 2506 550 2583 gravitate
577 2506 724 2567 laceranti.
770 2508 854 2581 potes
877 2504 997 2566 tacere?
1024 2525 1120 2582 superv

102 2593 227 2652 vulnere
252 2593 345 2667 unici,
376 2613 467 2669 super
493 2598 596 2654 exutos
625 2597 707 2654 artus
734 2594 910 2654 metuendus
938 2594 1056 2654 adsistis
1084 2598 1115 2654 st

103 2700 207 2742 causas
226 2683 385 2756 quaerente
403 2685 507 2758 matre,
532 2686 691 2759 quaerente
708 2683 820 2758 populo
838 2684 894 2742 hec
912 2685 1009 2743 solum
1027 2684 1114 2744 dicis:

103 2765 241 2831 ‘occidi't
274 2773 413 2830 contenta
444 2789 507 2831 ease
537 2771 624 2832 dabat
649 2770 783 2832 incerto?
827 2773 1006 2850 interrogari
1036 2792 1115 2832 nnnc

102 2863 140 2936 te,
163 2861 280 2934 marite,
303 2859 397 2919 credis
421 2879 439 2918 n
460 2863 557 2920 matra
579 2859 667 2921 sola?
711 2879 814 2920 causas
837 2861 942 2921 mortis
964 2862 1047 2920 illius
1068 2881 1114 2921 re·

174 3034 349 3157 npcssuissct
367 3077 397 3159 tt
413 3093 441 3137 Β
503 3082 709 3137 chorbitatcm
726 3092 754 3136 Β
816 3048 942 3138 thabcts
955 3093 976 3136 V
1026 3085 1115 3139 tvis-

104 3190 145 3244 vis
163 3200 185 3242 v
256 3171 331 3246 filare
349 3200 377 3244 Β
457 3197 489 3245 10
509 3189 634 3245 saliaude
651 3200 715 3244 Β
753 3192 934 3260 praepostera
951 3207 1016 3254 rqra
1034 3207 1077 3246 ree
1097 3214 1116 3245 α

105 3267 137 3316 11
157 3261 200 3316 fas
218 3261 367 3317 ccfaxM
420 3267 453 3317 16
472 3261 602 3317 viverev
651 3264 770 3345 paterna
787 3263 967 3333 mucan·
955 3279 1059 3318 cetrae.
1075 3265 1115 3334 Μ)

105 3337 138 3387 1'1
158 3331 261 3387 sullata
275 3342 307 3387 M
358 3337 460 3388 210111
476 3341 539 3388 ante
558 3332 693 3387 occideris
711 3350 786 3401 supr.
800 3342 828 3386 Β
881 3338 914 3386 22
933 3335 1028 3403 potest
1044 3342 1067 3386 V

104 3455 200 3509 agere.
218 3441 312 3494 acere
332 3440 380 3496 Gr.
453 3446 487 3496 24
506 3431 538 3515 tt
554 3422 645 3495 fssrore
663 3449 691 3494 Β
757 3445 790 3494 25
808 3441 902 3510 potest
919 3449 972 3494 BV
986 3442 1064 3510 (cerr.
1079 3443 1115 3511 Β)

104 3512 269 3565 neomutus
287 3511 347 3567 aas
407 3517 440 3566 28
460 3515 589 3581 contemp
589 3513 621 3566 ta
638 3521 666 3565 Β
714 3511 820 3568 incerte
840 3524 867 3566 s.
887 3511 996 3566 incerta
1011 3520 1115 3578 ΒΜβσς

103 3582 212 3637 incesta
229 3591 252 3634 V
318 3586 352 3637 29
372 3582 446 3638 solas
465 3591 517 3637 nv
