2430 3952
82 190 148 256 256
412 188 536 254 ,erus
554 188 732 243 rivensis

83 359 162 434 quod
190 376 303 418 annuos
331 357 457 432 fructus,
484 356 634 434 praesidia
655 359 856 433 paupertatis,
884 357 991 417 amisi?
1037 377 1097 417 non

84 451 129 507 est
151 448 293 507 damnum
320 447 351 505 id
377 445 540 523 perdidisse
568 445 660 523 quod,
687 448 722 504 ut
747 447 882 522 proximo
909 449 981 505 utar
1008 465 1097 524 argu-

83 540 197 611 mento,
224 539 251 596 si
273 537 379 596 habere
403 535 537 611 voluero,
561 534 717 594 emendum
740 533 805 594 est?
851 534 923 611 quid
946 554 1016 614 ergo
1040 535 1098 595 tibi

84 644 159 702 opus
182 628 228 685 est
254 624 395 685 maleficis
420 626 511 699 sucis,
539 643 606 683 cum
632 624 735 683 liceret
761 624 863 700 palam
890 624 1040 684 trucidare
1068 627 1098 684 et

83 716 187 791 plenas
211 715 259 773 vel
286 733 415 773 cremare
442 714 506 791 igni
529 713 577 773 vel
602 713 687 788 aquis
715 714 879 792 inmergere
907 711 1012 772 alvos?
1060 733 1098 772 an
1122 732 1133 772 s

85 806 130 864 est
152 804 274 879 aliquod
297 803 409 862 animal
428 802 509 877 quod
530 822 589 862 non
613 803 703 861 liceat
725 803 784 861 nisi
801 804 921 862 venenis
944 800 1098 862 occidere?

152 888 206 951 ‘Vt
229 892 368 952 damnum
393 887 454 967 sit',
481 892 593 966 inquit,
618 886 693 950 ‘iure
720 893 821 950 tamen
844 891 901 950 feci
922 893 955 949 in
977 893 1099 967 privato

84 977 169 1041 meo'
207 981 370 1057 perfidem
389 984 527 1055 vestram,
550 979 670 1056 iudices,
694 982 863 1039 succurrite.
901 981 1035 1056 exemplo
1058 1012 1097 1022 -

83 1089 143 1130 non
167 1071 278 1129 sufficit
300 1070 346 1129 his
369 1069 504 1147 partibus
527 1088 603 1128 unus
625 1070 752 1128 rusticus
775 1089 889 1146 pauper
911 1101 955 1110 —
978 1069 1100 1129 obviam

84 1160 202 1237 publice
225 1159 355 1218 eundum
378 1162 436 1235 est,
459 1161 490 1217 et
513 1158 682 1218 obiciendae
706 1157 846 1218 adversus
869 1160 1039 1217 nascentem
1063 1159 1136 1222 li·1o

85 1249 214 1308 centiam
232 1267 375 1308 consensu
392 1266 506 1308 manus.
543 1247 653 1306 credite
671 1247 754 1321 mihi,
776 1248 873 1306 maior
890 1249 943 1307 lite
963 1249 1098 1322 quaestio

86 1339 139 1397 est.
184 1338 240 1396 hoc
266 1331 350 1397 vobis
377 1337 464 1396 hodie
491 1336 683 1395 iudicandum
710 1339 767 1410 θεῖ,
799 1336 851 1394 ubi
879 1336 973 1396 scelus
1000 1338 1099 1396 facere

85 1445 145 1486 non
167 1427 264 1486 liceat.
310 1445 379 1484 nam
402 1445 455 1485 cur
477 1444 536 1485 non
558 1425 614 1484 hoc
636 1425 716 1483 idem
739 1424 774 1484 de
797 1425 957 1485 homicidio
978 1437 1100 1502 respon-

87 1513 176 1574 deat?
208 1535 260 1574 cur
286 1535 345 1574 non
373 1515 409 1574 de
436 1512 614 1574 latrocinio?
659 1533 718 1573 non
751 1515 831 1573 enim
860 1515 925 1573 iure
956 1515 1016 1574 ista
1049 1515 1100 1574 sed

85 1605 173 1664 modo
196 1604 343 1664 differunt.
381 1603 514 1681 aperitur
535 1607 639 1680 ingens
663 1603 761 1661 funeri
783 1604 842 1677 ria,
866 1606 896 1662 et
914 1603 1100 1663 obluctantia
1113 1625 1136 1668 ιε

18 1743 22 1750 .
86 1694 138 1752 diu
160 1694 260 1771 legum
278 1693 361 1752 velut
380 1694 516 1752 claustris
535 1693 646 1752 scelera
664 1691 759 1750 libera
781 1694 869 1768 porta
891 1695 1100 1768 prorumpunt,

87 1783 112 1842 si
130 1785 162 1841 in
180 1784 333 1858 privatum
351 1784 417 1841 iura
435 1801 494 1841 non
513 1783 643 1856 veniant,
667 1784 697 1840 et
715 1783 747 1838 in
765 1782 1009 1841 manifestissima
1027 1799 1100 1856 quo·

88 1891 144 1947 que
167 1890 245 1930 noxa
267 1890 326 1930 non
349 1871 384 1932 de
407 1872 486 1930 facto
511 1872 672 1947 quaeritur,
696 1869 806 1929 sedda
829 1871 903 1945 loco,
925 1889 985 1929 non
1004 1890 1101 1947 aequa

85 1963 222 2036 portione
245 1978 312 2017 cum
335 1960 485 2020 sceleratis
507 1962 602 2018 terras
625 1960 788 2017 divisimus.

34 2045 71 2101 11
153 2049 214 2106 Vbi
237 2048 316 2107 enim
338 2067 397 2106 non
419 2049 481 2106 iam
504 2049 630 2107 divitum
654 2049 805 2123 privatum
829 2045 893 2106 est?
929 2067 1037 2123 parum
1057 2051 1138 2111 estse

87 2139 237 2213 proximos
256 2153 383 2212 aequare
401 2139 542 2196 terminos
562 2138 592 2195 et
608 2137 806 2212 possessiones
824 2156 892 2196 suas
911 2137 994 2195 velut
1014 2156 1101 2212 quas·

89 2228 158 2285 dam
177 2228 279 2303 gentes
297 2225 467 2284 fluminibus
485 2226 693 2300 montibusque
708 2225 898 2302 distinguere.
928 2228 990 2284 iam
1009 2227 1102 2285 etiam

89 2316 190 2374 devios
213 2315 307 2375 saltus
332 2317 362 2372 et
385 2315 475 2373 silvas
498 2318 585 2374 vasta
608 2314 767 2373 solitudine
790 2314 925 2373 horridas
944 2318 1102 2390 occupant,

88 2407 135 2463 tot
158 2423 252 2479 aquae
275 2405 355 2462 intra
377 2422 540 2479 paucorum
563 2404 698 2462 umbram
725 2403 834 2478 latent,
862 2423 877 2462 e
904 2404 1012 2463 finibus
1040 2406 1102 2464 suis

88 2493 215 2570 populus
244 2491 422 2566 excluditur,
450 2511 503 2551 nec
535 2493 613 2552 nllus
645 2492 830 2568 procedentis
858 2493 925 2552 finis
954 2495 1011 2568 θεῖ,
1043 2495 1138 2554 nisiae

1 2638 3 2652 ,
89 2602 156 2642 cum
179 2585 208 2641 et
231 2584 263 2640 in
286 2582 415 2640 alterum
433 2582 557 2641 divitem
578 2581 726 2640 inciderit.
763 2582 858 2640 adhuc
881 2585 981 2641 tamen
1004 2583 1102 2658 spolia

88 2673 307 2731 tanseuntium
332 2673 362 2729 et
385 2672 484 2730 abacti
505 2690 645 2746 pecorum
667 2689 770 2747 greges
789 2671 842 2729 sub
865 2671 921 2731 hoc
944 2671 1034 2730 titulo
1053 2672 1102 2730 de·

88 2761 285 2819 fendebantur
312 2761 374 2818 iam
400 2762 513 2835 privati
539 2759 646 2819 veneni
675 2761 865 2835 transcriptio
894 2762 945 2819 est.
992 2760 1102 2819 iterum

161 2936 176 2984 2
195 2932 271 2984 utar:
291 2931 323 2984 ut
341 2940 369 2983 Β
422 2929 594 3000 argumentis
612 2939 634 2982 V
684 2934 699 2982 5
720 2928 808 2984 alvos:
827 2930 859 2983 ia
876 2928 968 2983 alveos
987 2946 1057 2986 corr.
1072 2941 1101 2996 Βς

89 3001 182 3056 alveos
202 3010 247 3065 Mc
319 3002 501 3066 linewert,
520 3012 628 3070 super
701 3007 732 3055 11
753 3017 891 3056 concensu
909 3010 937 3053 B
1002 2999 1053 3055 lite
1072 3003 1103 3055 c'u

89 3089 144 3127 ros.
160 3081 192 3125 M
253 3071 456 3126 radicandum
474 3081 509 3140 Β,
528 3072 557 3126 iu
575 3083 684 3142 supra
748 3078 780 3126 13
799 3072 1002 3141 respondeatur
1020 3082 1053 3126 Β

92 3149 125 3197 lb
144 3142 248 3196 funeri:
268 3143 367 3198 sceleri
385 3145 476 3198 Ritter
546 3144 608 3197 viae
623 3153 651 3196 B
725 3149 758 3197 16
777 3145 860 3213 porta
878 3145 910 3196 ire
927 3160 1012 3213 marg.
1032 3153 1053 3196 V

90 3232 261 3319 pdrumpant
278 3259 299 3302 V
358 3256 391 3304 18
410 3251 495 3305 noxia
514 3272 532 3303 a
596 3256 628 3304 19
648 3268 711 3304 cum
730 3249 843 3304 sceleris
862 3260 890 3303 Β
928 3254 984 3302 ,20
1003 3265 1105 3319 parum

91 3376 134 3429 est
152 3390 202 3428 om.
217 3384 238 3427 V
324 3380 356 3427 21
381 3338 525 3444 pogiiones
544 3385 572 3428 Β
661 3381 694 3429 24
717 3377 761 3429 tot
784 3391 886 3443 aquae:
911 3376 972 3428 tota
995 3375 1044 3443 qui
1064 3383 1104 3440 Βς

90 3447 207 3534 totaque
225 3455 254 3513 V;
273 3446 348 3500 totas
367 3447 446 3515 atqui
465 3456 496 3500 M
561 3446 663 3501 latent:
682 3446 761 3500 later.
777 3456 815 3514 Β,
839 3446 963 3500 latentur
980 3455 1010 3512 Β,
1034 3445 1104 3500 late·

90 3540 182 3625 τῗῖΒ
233 3574 365 3652 θιθρΒ
399 3570 592 3625 ΒῠιιιιῖῖιιεΒ
645 3577 678 3626 26
698 3574 835 3626 eteruV
869 3554 1109 3641 rspeocorums
