2430 3952
101 182 167 249 300
487 182 589 238 Amol
607 183 726 238 Vnone

104 352 199 427 aliqui
217 353 370 428 satellites,
384 352 410 412 si
426 353 570 413 barbarus
589 349 705 428 aliqui?
741 352 880 412 fruereris
900 352 1019 427 osculis,
1038 353 1124 413 fruc

103 441 177 500 reris
200 440 404 516 amplexibus?
439 461 499 502 non
523 444 568 501 est
591 441 670 517 quod
692 443 723 500 te
750 441 810 500 ista
832 443 989 516 tamquam
1015 442 1124 518 levior,

104 533 259 606 tamquam
286 531 449 608 expeditior
481 530 614 590 condicio
646 530 784 606 decipiat.
830 529 904 605 quid
934 533 1025 605 putas
1061 550 1124 593 esse

104 619 184 695 quod
202 638 249 679 me
268 620 382 680 dimisit
400 620 539 694 solutum,
562 622 605 678 ire
624 639 683 695 quo
701 617 830 679 vellem?
866 618 993 679 crudelis
1012 621 1126 679 artifex

104 727 165 767 non
186 709 310 784 reliquit
331 709 425 784 nobis,
447 711 482 767 ut
503 711 721 786 inponeremus.
1149 728 1160 771 a

53 798 89 852 ll
173 796 363 874 Supervacuo
396 799 490 875 igitur
520 798 577 858 hoc
608 816 661 857 vos
693 797 724 855 in
756 798 861 857 matris
894 815 983 857 causa
1019 801 1126 858 movet

106 886 185 963 quod
209 905 295 946 coeca
319 891 372 946 ost.
408 887 464 946 hoc
483 886 563 962 quod
584 887 669 947 nobis
689 887 835 946 invidiam
857 887 931 945 facit
948 885 1126 947 vulneribus

106 977 268 1052 oculorum,
291 976 384 1035 nolite
407 975 560 1035 detinendi
582 978 688 1052 putare
712 993 830 1049 causas,
853 975 932 1034 idem
950 974 1058 1036 videns
1082 975 1126 1036 fa·

107 1068 193 1124 ceret.
231 1084 285 1124 nec
307 1066 374 1140 plus
399 1068 443 1125 est
467 1064 547 1141 quod
570 1083 629 1123 non
657 1066 757 1140 potest
779 1066 906 1124 caecitas
933 1064 1011 1123 serre
1032 1084 1126 1141 quam

106 1156 211 1229 mater,
234 1158 270 1212 ut
293 1155 395 1230 aliqua
417 1153 479 1213 filio
503 1173 602 1213 carere
625 1173 684 1212 non
706 1155 811 1229 possit,
836 1171 896 1212 non
917 1171 1055 1228 unquam
1078 1173 1125 1214 ca-
1138 1173 1160 1214 ro

106 1243 226 1302 lamitas
254 1243 335 1302 facit.
382 1243 461 1319 quod
484 1243 523 1318 si,
550 1243 674 1316 iudices,
701 1245 733 1300 in
755 1261 883 1318 persona
905 1261 971 1300 mee
995 1260 1051 1301 nec
1076 1244 1126 1303 ad·

107 1332 188 1391 fectu
210 1351 264 1392 nec
286 1333 400 1392 meritis
427 1333 551 1391 inferior
574 1336 619 1392 est
646 1333 771 1405 amicus,
796 1331 868 1407 quid
896 1331 977 1389 aliud
1006 1333 1127 1392 iustitia

108 1422 208 1481 vestra
239 1421 326 1480 debet
357 1422 510 1481 attendere
543 1440 634 1497 quam
664 1424 731 1479 uter
762 1421 830 1496 plus
862 1418 1019 1496 patiatur?
1066 1423 1127 1481 iam

108 1510 232 1570 satiavit
259 1511 390 1570 dolorem
416 1513 522 1584 mater,
554 1511 664 1587 egessit
690 1512 802 1583 aestus,
834 1509 939 1568 effudit
970 1508 1127 1585 impetum,

107 1601 170 1658 iam
191 1618 252 1659 non
275 1599 444 1659 desiderant
466 1599 554 1673 oculi,
578 1617 645 1658 cum
668 1599 787 1658 cadunt.
830 1597 921 1672 adice,
945 1598 1027 1672 quod
1050 1598 1160 1660 hancu

109 1689 343 1764 qualemcunque
371 1690 524 1748 fortunam
546 1690 625 1746 inter
648 1689 758 1746 amicos
781 1689 877 1766 tenet,
902 1688 980 1746 inter
1003 1691 1128 1765 propin-

109 1796 192 1852 quos,
214 1777 305 1836 habet
328 1779 427 1837 omnia
449 1777 616 1836 ministeria
638 1795 693 1836 sua
711 1776 860 1851 debilitas,
883 1793 952 1836 suos
970 1794 1127 1853 compara·

108 1869 212 1926 tiones.
258 1869 303 1926 vis
336 1867 410 1926 scire
443 1869 555 1943 quanto
583 1865 800 1924 intolerabilius
833 1867 873 1924 sit
903 1864 982 1940 quod
1009 1867 1128 1940 patitur

109 1953 246 2014 amicus?
291 1956 459 2015 excaecavit
485 1957 516 2014 te
544 1955 623 2030 quod
656 1974 710 2032 ego
742 1956 784 2014 sic
815 1954 945 2013 tenebar.
993 1957 1128 2032 accipere

109 2043 189 2104 cibos
214 2062 288 2118 quos
312 2045 452 2118 carnifex,
476 2063 548 2119 quos
572 2047 669 2102 tortor
691 2043 880 2118 appendebat
881 2088 1107 2104 .........
1140 2063 1161 2104 ro

182 2238 196 2284 1
217 2231 320 2299 aliquis
340 2233 381 2286 bis
399 2241 431 2284 Μ
498 2230 611 2285 satelles
631 2243 645 2295 β
708 2231 811 2284 osculis
830 2231 961 2284 fruereris
980 2247 1032 2285 om.
1047 2241 1079 2285 Β

112 2302 200 2356 oculis
219 2312 297 2370 VMo3
317 2302 439 2356 obsculis
458 2311 478 2354 s
546 2309 561 2356 2
581 2302 668 2356 levior
681 2304 828 2370 tamquam
847 2319 896 2357 om.
908 2311 941 2366 P,
959 2303 993 2355 irc
1006 2319 1096 2375 marp.
1108 2325 1130 2366 ρ

110 2373 309 2443 3peditiorB
356 2374 462 2428 4irem
475 2376 648 2443 BVlmeoep.
664 2375 704 2444 ης
722 2373 881 2427 utiremM
928 2372 1131 2441 oreliquidlr

111 2451 229 2500 'lsaeca
248 2448 271 2515 (s
291 2463 323 2500 ecc
341 2444 356 2497 f
371 2443 386 2498 ‚2
403 2446 469 2512 fecit
486 2463 558 2499 marr.
575 2446 602 2514 3)
617 2454 645 2498 P
696 2444 776 2498 facit:
797 2445 829 2498 fit
846 2455 870 2497 1
922 2444 1059 2499 8videns
1078 2462 1128 2502 om.

108 2527 161 2571 BV
221 2521 254 2570 10
273 2518 344 2571 ieter
363 2519 452 2570 mater
471 2524 495 2571 et
512 2519 545 2570 ut
564 2517 665 2571 lacuna
684 2518 787 2570 5oel6
806 2517 857 2570 litt.
872 2524 900 2568 P
954 2514 1129 2571 calamitatis

109 2589 165 2642 fuit
182 2599 204 2641 V
254 2578 286 2641 1¹1
307 2588 504 2657 impersonaV
556 2586 688 2640 affectum
702 2596 741 2640 P:
782 2592 815 2640 12
834 2587 884 2654 qui
901 2585 955 2640 tali
971 2587 1061 2654 ut33
1082 2587 1129 2658 qui

109 2660 180 2714 talia
199 2663 231 2714 ut
249 2670 270 2712 V
328 2666 361 2712 13
380 2659 489 2728 patitur
506 2669 527 2711 V
583 2664 616 2711 14
635 2657 755 2745 elfussdit
772 2667 800 2711 B
853 2663 886 2711 15
905 2658 962 2711 iam
981 2674 1032 2713 om.
1048 2668 1080 2712 Β

110 2769 141 2820 at
159 2767 221 2821 dice
239 2776 274 2833 Β,
293 2784 361 2821 corr.
377 2776 395 2818 c
487 2771 520 2818 16
539 2746 677 2832 qualedde
696 2774 724 2818 Β
813 2770 845 2817 17
866 2763 1083 2833 cooperationes
1101 2778 1130 2832 ες

111 2837 335 2906 conplorationes
354 2838 410 2891 Bc.
503 2841 536 2889 18
560 2835 736 2890 tolerabilius
754 2846 776 2888 V
867 2841 899 2888 19
924 2835 1056 2904 accipere
1075 2855 1129 2907 sqq.

110 2925 159 2962 om.
179 2919 201 2961 V
276 2909 415 2978 accipere:
435 2907 484 2960 ille
503 2907 608 2976 accipit
627 2920 642 2959 s
723 2913 757 2960 20
776 2907 968 2975 appendebat:
989 2907 1132 2978 appendit

110 2989 152 3046 1113
172 2980 290 3050 apponit
308 2993 344 3044 co
406 2985 468 3049 post
486 2978 667 3047 appendebat
685 2978 749 3032 odd.
769 2978 875 3032 amicus
894 2977 1070 3047 dedignatur
1088 2991 1131 3046 M,

110 3052 145 3117 cf.
160 3053 237 3106 Deos.
253 3069 283 3120 p.
299 3056 333 3106 91

167 3141 405 3224 ‘absorptionem
423 3156 473 3195 om.
488 3149 540 3193 nv
613 3126 741 3192 nxrnic
760 3125 818 3191 mir
838 3138 923 3192 amici
941 3139 1039 3194 naues.
1056 3128 1132 3196 iou>

110 3227 187 3282 ΑΒΘ
205 3230 291 3283 mittio
305 3232 383 3297 picta
402 3238 434 3282 Μ
502 3228 606 3297 Incipit
623 3227 768 3282 Venenum
788 3225 906 3282 effusum
925 3241 939 3293 β
