2430 3952
374 196 608 252 DECLAMATIO
627 196 666 250 XI
679 201 775 251 8—10.
1016 197 1082 263 215

71 368 155 441 mice,
177 367 235 427 nisi
257 366 374 426 vixeris.
420 385 474 424 nec
495 385 606 440 vereor,
629 365 754 440 iudices,
777 385 814 423 ne
837 367 949 443 putetis
971 368 1082 426 utrius-

70 476 127 531 que
158 459 293 516 nostrum
324 455 484 514 orbitatem
516 455 607 514 simili
639 473 701 513 esse
733 456 848 514 ratione
885 456 1080 515 tractandam.

68 545 264 605 admoventur
295 563 332 602 en
364 562 429 604 ecce
464 546 567 603 contra
603 545 741 604 lacrimas
773 564 853 603 meas
890 544 976 603 liberi
1007 565 1081 620 quos

68 653 155 693 nemo
181 637 288 693 nosset.
335 634 429 710 patris
456 633 620 691 innocentis
648 633 737 692 occisi
765 635 834 692 sunt
861 634 980 711 parvuli
1007 654 1080 708 quos

41 742 147 784 cnunc
170 724 248 783 circa
269 722 384 798 templa
405 722 532 796 ferretis,
555 723 633 781 circa
652 741 725 797 quos
749 741 779 781 se
803 722 964 782 celebraret
981 726 1081 782 vestra

68 813 194 871 laetitia.
239 811 353 870 facinus
381 813 439 885 est,
464 811 588 885 iudices,
611 813 755 870 minorem
778 829 840 870 esse
862 813 1080 871 transactarum

67 902 209 960 mortium
230 901 458 959 miserationem.
495 919 555 958 non
572 900 692 959 invenio
711 900 959 975 quomadmodum
979 902 1080 960 liberis

67 990 205 1066 prodesse
223 989 329 1048 debeat
347 989 448 1048 odium
470 988 573 1065 patris.
610 989 762 1065 perierunt
781 989 872 1048 etiam
889 991 935 1048 illi
954 1009 1079 1065 quorum

66 1097 121 1137 nec
143 1081 230 1155 pater
252 1078 378 1137 debebat
401 1079 501 1138 occidi.
547 1098 595 1136 me
617 1080 770 1154 miserum,
795 1079 873 1154 quod
897 1080 939 1138 sic
964 1098 1079 1155 quoque
1125 1133 1128 1138 .

23 1188 53 1228 ro
66 1168 162 1226 multa
188 1167 344 1227 habiturus
373 1185 402 1225 es
427 1167 533 1242 quibus
561 1186 615 1244 ego
640 1170 691 1242 qui
713 1166 894 1242 vindicabor,
921 1169 1079 1229 invideam.

67 1256 245 1316 osculaberis
278 1259 347 1315 ante
379 1259 540 1332 perituros,
573 1255 746 1331 alloqueris,
784 1257 908 1333 accipies
941 1277 1079 1334 suprema

66 1345 208 1405 mandata
231 1347 262 1404 et
283 1348 461 1404 moriturum
483 1347 513 1404 te
536 1346 676 1403 continuo
700 1346 864 1422 promittes.
908 1346 1079 1406 exonerabis

65 1435 193 1512 gemitus
215 1436 297 1508 tuos,
324 1452 391 1493 cum
414 1453 547 1493 meorum
569 1435 706 1510 sepulcra
733 1434 909 1493 numerabis
956 1436 1080 1495 siccabit

65 1524 176 1598 oculos,
199 1523 277 1599 quod
295 1542 392 1581 meam
416 1542 494 1582 nunc
513 1541 629 1599 quoque
647 1523 786 1598 respicies
805 1542 931 1582 vacuam
950 1524 1077 1583 domum.

22 1631 50 1674 is
65 1631 112 1671 me
135 1613 289 1671 miserum!
312 1612 451 1688 pauperis
474 1616 592 1671 tantum
610 1612 753 1670 solacium
776 1613 910 1670 futurum
934 1616 979 1672 est
1000 1615 1078 1689 quod
1093 1613 1132 1670 10

64 1719 151 1778 pares
183 1721 291 1761 sumus.
339 1699 430 1777 quid?
463 1701 541 1777 quod
572 1703 605 1759 in
636 1701 702 1776 ipsa
735 1702 945 1777 conparatione
973 1705 1078 1763 mortis

64 1809 124 1849 non
151 1790 230 1850 idem
257 1791 413 1867 patientur
439 1791 526 1849 liberi
553 1787 619 1848 tui?
665 1790 835 1849 occidentur
858 1811 916 1850 uno
942 1793 1077 1852 fortassis

64 1879 140 1954 ictu,
168 1881 199 1938 et
226 1882 283 1939 erit
309 1880 384 1938 ultio
412 1879 549 1939 manibus
573 1881 712 1939 contenta
738 1879 891 1939 carnificis.
937 1882 1077 1957 parvulos

64 1987 145 2028 meos
172 1969 281 2029 occidit
308 1969 448 2045 quicquid
477 1969 536 2028 fuit
564 1972 630 2028 tota
660 1970 781 2028 civitate
810 1969 951 2045 telorum,
982 1972 1077 2030 omnis

21 2075 164 2133 sosoma,
192 2059 287 2118 omnis
310 2062 404 2132 aetas,
432 2060 527 2118 omnis
549 2057 717 2118 infirmitas.
762 2059 838 2117 nihil
861 2061 907 2118 est
930 2060 1076 2119 crudelius

63 2149 159 2206 morte
181 2147 334 2206 homiuum
358 2165 431 2222 quos
454 2147 582 2223 populus
606 2147 726 2221 occidit,
754 2151 784 2206 et
807 2148 886 2206 solus
909 2149 958 2208 hic
980 2151 1076 2208 exitus

64 2239 120 2309 ost,
142 2255 160 2293 a
184 2255 242 2310 quo
265 2255 324 2295 non
348 2240 392 2296 cst
414 2255 468 2296 nac
491 2236 683 2295 cadaveribus
707 2238 791 2297 salva
809 2239 984 2296 reverentia.
1020 2239 1076 2298 hcc

63 2344 111 2383 me
133 2342 213 2382 nunc
231 2325 404 2400 conplorare
426 2327 545 2383 tantum
568 2327 682 2402 putatis
702 2325 780 2401 quod
803 2345 862 2384 non
885 2346 951 2386 sum
974 2326 1075 2386 liberis

63 2412 136 2472 meis
160 2415 228 2472 ante
252 2412 399 2472 satiatus?
444 2415 534 2472 miser
557 2433 624 2492 eg0,
652 2434 705 2475 nec
728 2414 767 2472 ad
790 2415 935 2474 cadavera
958 2418 1075 2491 accessi,

20 2522 48 2563 as
62 2521 123 2561 non
140 2501 172 2560 in
195 2500 337 2579 sepulcra'
353 2502 499 2561 maiorum
522 2506 595 2562 meis
617 2503 754 2561 manibus
779 2504 881 2579 intuli,
909 2524 963 2564 nec
990 2506 1075 2563 licuit

62 2609 151 2666 super
172 2593 239 2667 ipsa
261 2610 386 2668 corpora
408 2593 604 2668 proclamare:
628 2587 699 2652 ‘non
721 2588 798 2652 feci'

130 2678 253 2748 Qualem
272 2699 326 2759 ego
349 2681 444 2755 illum,
467 2684 575 2758 patria,
598 2681 716 2757 perdidi
734 2681 822 2755 diem,
845 2699 912 2739 cum
931 2682 1017 2740 duces
1037 2681 1073 2740 ab

135 2945 149 2991 1
169 2939 193 2993 si
210 2950 232 2992 V
282 2956 377 2994 verear
396 2953 410 3004 β
464 2941 583 2995 iudices:
602 2941 642 2993 im
658 2950 691 3007 Ρ,
709 2942 788 3007 infra
805 2957 883 2994 versu
902 2939 965 2994 add.
978 2940 1023 2993 uti
1039 2961 1073 3008 μς

60 3009 175 3064 undas
250 3027 285 3064 nc
304 3025 385 3076 ome
469 3018 539 3066 3en
557 3029 607 3066 cm.
623 3024 675 3075 βγσ
758 3010 912 3064 θὶιιάἰοθει
931 3024 1003 3075 una

62 3080 155 3134 8illis
173 3095 194 3136 r
263 3088 350 3136 suec
368 3100 418 3138 cm.
432 3093 454 3135 V
522 3083 661 3137 debeata
734 3087 767 3136 10
786 3082 947 3136 habiturus:
967 3082 1073 3137 bibitu-

60 3166 142 3217 rues
199 3153 340 3211 invideam
358 3171 392 3208 err
409 3154 478 3208 -iem
498 3156 575 3223 (corr.
591 3153 640 3222 ⁶2)
654 3163 682 3206 B
753 3160 785 3207 11
809 3154 960 3221 perituros:
980 3171 1023 3208 -os
1042 3157 1074 3209 ic

60 3240 115 3279 ras.
135 3234 163 3277 B
245 3231 277 3277 12
301 3225 486 3280 exonerabilis
509 3235 568 3279 ΒΜ
588 3224 644 3295 (-li-
667 3227 775 3293 er.s1);
799 3224 982 3278 exhonorabis
1006 3239 1020 3290 a

62 3335 96 3382 14
113 3347 199 3384 nunc:
219 3331 275 3385 visi
294 3340 326 3384 Μ
394 3333 524 3402 respitias
547 3341 569 3384 V
647 3336 678 3384 17
698 3311 844 3404 patidptur
866 3342 887 3384 V
963 3333 1073 3388 occide-

59 3401 118 3455 rint
135 3411 165 3470 V;
184 3403 314 3456 occident
333 3416 347 3467 β
420 3409 452 3458 19
471 3403 601 3473 quicquit
618 3412 646 3455 B
716 3403 853 3474 relegam
873 3405 913 3472 (ro
932 3406 978 3472 er.)
993 3414 1021 3457 B

60 3478 94 3526 23
114 3473 280 3542 conplorare
299 3483 336 3541 Μ,
355 3492 423 3530 corr.
437 3497 469 3529 m
546 3477 611 3529 ante
629 3473 726 3528 liberis
744 3475 815 3530 meis
833 3485 855 3527 V
929 3481 962 3528 25
981 3475 1011 3528 in
1030 3493 1073 3530 se-

58 3579 159 3650 pulcra
176 3580 324 3635 maiorum:
344 3582 532 3651 insepultum
550 3563 685 3636 maiorbm
703 3593 731 3636 B
792 3588 825 3636 at
845 3583 944 3652 patria
956 3582 1080 3632 illumu
