2430 3952
446 193 681 249 DECLAMATIO
700 193 726 247 H
740 194 810 247 447
1091 194 1135 258 25

122 364 263 424 continuo
285 364 423 423 mutavit.
461 367 492 423 et
513 383 550 422 ne
574 364 640 438 quis
663 363 788 422 miretur
805 363 881 421 hanc
904 362 1134 437 festinationem,

122 455 226 512 statim
249 453 439 513 subsecutum
463 454 517 528 est,
539 455 574 511 ut
595 453 714 528 periret.
752 472 792 512 an
814 453 992 527 interfuerit,
1013 452 1134 527 indicae,

121 545 237 602 iuvenis
264 542 364 618 hriius,
392 546 426 601 ut
448 544 563 601 ureret
589 544 677 617 pater
700 543 751 616 qui
778 541 838 600 iam
866 541 925 600 alio
953 541 1135 600 moriebatur

121 632 236 706 herede,
259 651 312 691 vos
336 631 546 690 aestimabitis:
570 649 629 689 non
652 629 798 705 interfuit,
820 631 855 688 ut
878 631 1067 689 occideretur.

96 740 108 781 e
189 721 325 795 Facinus,
347 720 469 794 iudices,
492 720 572 795 quod
593 719 647 777 illa
665 721 753 779 noete
776 719 807 776 in
826 719 962 778 cubiculo
979 739 1133 793 novercae,

123 809 203 884 quod
225 809 256 867 in
279 810 389 868 lectulo
410 810 524 868 factum
547 811 600 884 est,
623 809 727 868 domus
750 811 816 867 tota
834 810 934 868 sensit.
970 827 1057 867 nemo
1075 827 1135 867 non

123 898 180 957 sibi
202 898 283 957 visus
307 901 352 957 est
373 900 458 957 iuxta
480 898 579 957 fuisse.
620 897 742 956 excitari
765 898 829 956 sola
852 916 978 956 noverea
1001 917 1061 956 non
1083 917 1136 974 po-

122 988 185 1046 tuit
207 987 260 1045 illo
283 988 358 1061 loco,
380 988 458 1045 unde
480 989 603 1046 venerat
625 987 734 1064 fragor.
771 989 920 1046 concurrit
942 987 1135 1061 familiaque

123 1077 267 1136 sollicitos
291 1079 380 1151 atque
405 1076 584 1152 trepidantis
608 1075 734 1135 ducebat
756 1076 898 1152 strepitus
922 1094 1010 1151 quem
1033 1094 1135 1151 seque-

83 1185 109 1225 ιο
123 1165 240 1223 bantur.
273 1167 452 1224 invenerunt
470 1184 569 1224 senem
584 1165 720 1239 occisum,
736 1183 894 1224 novercam
912 1165 996 1223 iuxta
1010 1164 1136 1223 cadaver

122 1256 165 1312 sic
182 1255 336 1329 iacentem,
360 1273 396 1312 ne
415 1256 519 1313 statim
536 1256 658 1330 possent
675 1256 867 1330 interrogare,
887 1255 952 1330 quis
972 1254 1135 1314 occidisset.

122 1344 295 1401 nuntiatum
322 1345 367 1403 est
395 1343 500 1402 deinde
527 1344 643 1402 facinus
666 1345 697 1402 et
724 1361 818 1402 caeco.
864 1344 1002 1402 inventus
1026 1345 1070 1401 est
1095 1375 1133 1383 —

124 1432 202 1506 quod
231 1432 417 1492 innocentiae
445 1432 554 1491 sufficit
577 1463 621 1473 -
643 1451 703 1492 non
727 1451 745 1490 a
772 1432 881 1490 scelere
907 1432 1024 1491 rediens
1053 1435 1134 1490 stans

123 1523 154 1578 in
182 1521 283 1578 limine
311 1521 439 1580 cubiculi
467 1522 526 1596 eui,
555 1520 653 1580 animo
677 1540 736 1597 quo
764 1521 968 1579 discurrebant
992 1521 1136 1579 videntes
1170 1532 1173 1542 ’

83 1629 108 1670 15
123 1612 157 1667 ut
176 1609 281 1668 deinde
299 1610 412 1668 ferrum
429 1610 544 1669 iuvenis
562 1609 770 1685 inquireretur,
794 1610 893 1685 exegit
911 1609 1013 1668 eadem
1031 1609 1135 1684 utique

124 1717 200 1773 quae
231 1700 437 1774 postulaverat
468 1699 504 1758 de
536 1718 656 1758 veneno.
703 1698 782 1774 quod
814 1699 845 1755 in
877 1699 986 1757 lectulo
1018 1698 1136 1774 gladius

123 1788 295 1846 cruentatus
314 1790 452 1847 inventus
472 1790 525 1863 est,
549 1807 608 1846 non
629 1788 778 1863 deprecor,
799 1787 922 1860 iudicee,
941 1786 1013 1863 quin
1032 1789 1136 1845 contra

123 1877 298 1935 caecitatem
321 1896 381 1937 non
399 1879 496 1935 minus
517 1879 726 1954 argumentum
748 1877 860 1953 putetis
880 1895 970 1951 quam
988 1876 1069 1952 quod
1091 1878 1135 1933 in·

123 1968 220 2024 veniri
251 1966 350 2041 potuit
380 1985 526 2024 venenum
555 1967 587 2024 in
616 1965 769 2042 parricidii
799 1967 973 2041 suspicione.
1019 1965 1136 2042 gladius

83 2075 110 2114 ao
125 2057 296 2113 cruentatus
319 2056 481 2114 novissima
503 2055 640 2131 probatio
665 2055 752 2114 debet
775 2073 847 2129 esse,
870 2074 929 2112 non
953 2054 1024 2112 sola.

190 2143 339 2220 Ignoscite
362 2144 524 2218 malorum,
552 2144 752 2219 periculorum
774 2146 884 2219 metue,
911 2144 1056 2221 ignoscite
1083 2143 1136 2200 hu-

122 2251 212 2291 mana
241 2232 419 2291 discrimina.
466 2233 666 2292 defensionem
698 2234 813 2292 iuvenis
845 2234 975 2290 lacrimis
1008 2234 1137 2308 primum

123 2323 297 2398 gemituque
320 2323 535 2397 prosequimur.
580 2321 711 2398 perdidit
733 2322 837 2379 infelix
858 2323 984 2397 patrem,
1006 2320 1138 2397 perdidit

124 2412 154 2468 et
172 2412 299 2469 caecitas
322 2412 409 2469 illum
428 2430 528 2470 senem
551 2413 635 2470 cuius
657 2411 767 2485 oscula,
787 2411 872 2469 cuius
892 2410 1060 2485 amplexum
1083 2411 1137 2467 im-

84 2500 255 2575 reponebat
283 2499 457 2559 vulneribus
485 2500 650 2575 oculorum,
683 2502 731 2558 cui
757 2499 930 2575 praestabat
958 2516 1074 2573 caecae,
1102 2500 1139 2555 ut

124 2588 246 2647 viveret.
292 2589 400 2647 misera
423 2589 603 2667 ignorantia,
626 2591 736 2648 misera
760 2588 906 2663 debilitas,
931 2586 1010 2662 quod
1032 2590 1062 2645 te
1085 2606 1138 2646 no-

123 2695 210 2736 verca
233 2697 293 2736 non
316 2679 358 2736 sic
380 2679 482 2754 potius
507 2678 639 2753 decipere
658 2678 775 2753 maluit,
798 2680 832 2735 ut
849 2677 965 2736 biberes
983 2695 1136 2736 venenum.

190 2766 318 2824 Facinus
338 2770 390 2843 est,
409 2766 529 2842 indicna,
552 2769 805 2843 comparationem
822 2766 895 2840 fieri,
918 2765 979 2823 utri
998 2765 1135 2824 credibile
1156 2764 1171 2818 i

123 2855 162 2912 sit
184 2855 386 2931 parricidium.
423 2856 502 2915 idem
525 2875 578 2916 vos
600 2858 715 2933 putatis
738 2855 853 2914 efficere
876 2855 1007 2914 noctium
1030 2854 1138 2912 merita

196 3008 430 3079 lfcstbationem
449 3036 470 3077 V
520 3025 941 3095 4voszviaras.(crctn)1’
994 3023 1072 3076 ain:
1092 3023 1102 3075 i
1121 3033 1142 3074 V

125 3097 228 3150 deecit
251 3107 272 3148 V
339 3096 490 3166 8frangor
507 3106 533 3149 J
591 3097 713 3151 cucurrit
731 3109 751 3149 o
821 3094 1025 3164 9trepidantis
1044 3116 1075 3147 a:
1095 3110 1137 3147 -es

124 3181 176 3231 ayo
242 3172 275 3222 10
295 3167 429 3221 occisum:
449 3168 573 3222 ociosum
595 3177 617 3220 V
681 3173 712 3222 11
734 3167 889 3221 iaccentem
908 3176 936 3219 Β
1003 3172 1035 3219 12
1055 3181 1137 3230 cacco

123 3301 151 3344 Β
186 3257 301 3346 inventii
315 3302 343 3345 Β
396 3298 429 3347 16
449 3294 536 3361 quod:
556 3309 611 3361 quo
626 3302 654 3345 Β
682 3336 683 3341 ,
707 3297 739 3345 17
758 3291 866 3345 iudices
885 3309 919 3346 coc
936 3289 1107 3372 videlieet(

125 3362 205 3430 quin:
226 3364 275 3430 qui
291 3373 343 3416 BV
389 3370 422 3417 21
442 3363 641 3433 periculorum:
661 3363 876 3432 praeteritorum
891 3364 929 3417 H.
941 3380 970 3431 p.
982 3365 1030 3426 553
1050 3377 1138 3414 maro-

124 3451 186 3486 rum
203 3434 392 3502 periculorum
413 3436 474 3490 Obr.
544 3440 577 3488 23
597 3435 789 3504 gemitumque
807 3444 835 3487 Β
905 3439 939 3486 24
959 3432 1080 3486 caecitas
1096 3441 1137 3486 M:

125 3504 292 3558 caecitatem
310 3508 410 3574 reliqui
482 3512 516 3560 28
535 3505 732 3575 cdoperationd
751 3508 778 3575 (o
797 3505 847 3559 del.
867 3506 1031 3573 rubricator)
1045 3513 1071 3556 J

123 3575 181 3628 utri
201 3576 336 3631 credibile
355 3579 433 3632 Dece.
448 3596 477 3647 p.
493 3582 541 3633 95:
561 3579 594 3631 ut
611 3576 777 3631 incredibile
796 3598 819 3628 ω
