2430 3952
347 215 581 275 Dacnnnnnlo
600 216 691 275 xvm
705 226 781 274 1-2.
1006 218 1069 284 321

59 389 151 464 eiecit,
174 388 247 464 quid
268 391 365 447 morte
383 389 567 466 compererit.
604 389 783 465 respondeat
805 381 906 449 saltim
928 408 1004 464 reue,
1027 391 1071 447 fa·

59 480 159 536 icatur
183 479 279 537 iratus
302 495 355 537 aur
380 479 412 535 in
439 481 560 554 peracta
583 478 757 537 crudelitate
784 479 947 538 modestiae
974 479 1072 538 fronte

59 567 200 626 substitit.
246 584 300 625 nec
326 569 413 625 uxori
439 569 538 643 potest
564 567 661 626 videri
687 582 821 644 parcere,
847 567 884 626 de'
913 582 973 642 qua
997 569 1071 627 scire

59 656 156 714 uoluit
181 673 222 713 en
248 658 327 715 esset
351 658 478 731 incesta,
505 674 559 714 nec
584 656 648 716 filio
677 673 765 732 quem
792 659 947 732 tamquam
974 656 1071 732 sciret,

32 744 174 805 occcidit.
220 748 289 804 ante
321 746 421 804 omnia
450 746 552 821 igitur,
583 745 709 820 iudices,
740 745 849 804 mulier
876 744 1072 804 infelicissimi

59 833 180 910 pudoris
198 833 254 893 hoc
276 833 314 892 ab
337 829 501 894 adfectibus
519 834 646 911 publicis
669 836 754 910 petit,
777 851 814 893 ne
832 834 917 893 vobis
935 849 1072 894 accusare

59 923 203 981 videatur
244 942 326 981 ream
349 942 380 982 se
401 925 516 997 incesti,
538 940 620 981 ream
643 923 796 1000 parricidii
818 925 913 1000 putat.
956 923 1073 982 exhibet

59 1012 169 1088 populo
199 1010 410 1070 conscientiam
440 1030 525 1070 suam
552 1016 583 1071 et
610 1012 750 1072 adversus
781 1024 984 1088 quemcunque
1014 1031 1073 1072 ser-

59 1118 189 1176 monem,
217 1100 414 1177 quodcunque
446 1104 591 1160 secretum
617 1103 726 1160 marito
753 1102 910 1177 famaeque
939 1104 1074 1178 praestat

20 1209 45 1250 rs
59 1190 272 1266 interrogandi.
287 1192 475 1266 potestatem.
521 1189 613 1249 vellet
634 1192 836 1249 innocentiam
864 1191 924 1249 suis
947 1191 1073 1266 probare

59 1279 229 1353 uisceribus,
252 1279 344 1338 vellet
365 1281 397 1336 in
421 1278 545 1353 eculeos,
567 1280 600 1336 in
622 1281 706 1357 ignes
729 1279 806 1338 hanc
825 1281 965 1338 miseram
987 1298 1072 1355 prae-

60 1367 196 1443 cipitare*
220 1368 372 1442 pietatem.
417 1369 574 1444 ignoscite,
610 1368 734 1443 iudices,
766 1368 962 1444 inpatientiae
995 1369 1107 1444 quaet

61 1460 164 1514 contra
186 1456 412 1515 callidissimam
436 1454 704 1516 dissimulationem
730 1455 868 1515 libertate
892 1457 1001 1516 doloris
1025 1473 1072 1515 en·

61 1547 187 1603 aestuat.
223 1547 370 1604 incestum
391 1545 568 1621 probaretur
590 1546 710 1604 silentio
733 1547 836 1622 patris,
860 1545 887 1603 si
909 1547 1021 1604 taceret
1043 1549 1074 1604 et

21 1652 46 1694 ιι
60 1636 164 1692 mater.
209 1633 358 1708 equidem,
390 1630 515 1709 iudices,
546 1636 610 1692 tam
637 1637 800 1693 contrarios
833 1635 966 1693 adiectus
996 1636 1073 1694 senis

60 1723 134 1781 satis
157 1721 307 1798 admirari,
332 1724 404 1782 satis
427 1725 546 1799 stupere
568 1740 628 1781 non
649 1740 778 1799 possum.
814 1723 846 1781 in
869 1742 987 1782 rumore
1009 1727 1073 1782 tam

60 1810 207 1887 suspicax,
225 1814 294 1888 post
311 1814 460 1870 tormenta
478 1813 603 1889 patiens,
622 1813 710 1871 modo
729 1811 767 1870 ad
785 1811 904 1871 fabulas
922 1813 1073 1889 vulgares-

61 1919 118 1975 que
141 1918 289 1960 sermones
312 1918 423 1977 pronus
446 1920 480 1960 ac
503 1901 613 1976 facilis,
635 1903 668 1960 in
692 1899 828 1977 orbitate,
854 1901 886 1959 in
904 1902 1072 1978 parricidio,

25 2031 26 2034 ,
60 1992 158 2049 reatus
192 2007 308 2066 quoque
341 1990 441 2049 dolore
474 1992 624 2050 conticuit.
672 2009 729 2066 quo
761 1993 882 2066 repente
914 2008 1073 2050 conversus
1116 2016 1121 2031 ·

19 2097 46 2140 eo
61 2077 124 2138 est?
147 2080 180 2136 in
203 2096 292 2155 quam
314 2079 491 2139 modestiam
514 2079 808 2156 desperationemque
830 2078 958 2138 defecit?
985 2081 1074 2139 torsit

60 2171 215 2244 tamquam
238 2168 400 2243 dicturum,
428 2171 508 2228 tacet
530 2171 685 2244 tamquam
708 2168 823 2228 dixerit.
869 2167 957 2227 fidem
979 2170 1074 2246 igitur

60 2260 199 2332 vestram,
222 2256 342 2332 iudices,
365 2276 402 2315 ne
426 2257 473 2316 oui
492 2260 624 2334 praestet
641 2273 766 2335 magnae
786 2258 953 2316 severitatis
972 2260 1072 2316 aucto·

60 2346 181 2404 ritatem
212 2365 271 2404 non
298 2365 384 2422 posse
416 2347 548 2422 defendi,
579 2364 651 2405 neve
679 2347 745 2405 ideo
772 2348 918 2423 suspicari
945 2347 1074 2404 nefanda

61 2435 186 2509 malitis,
210 2436 282 2509 quia
304 2453 335 2494 se
358 2435 476 2495 silentio
499 2435 649 2512 parricida
671 2437 805 2494 mmatun
852 2450 972 2511 parcere
995 2452 1073 2493 nnnc

18 2543 46 2586 se
60 2524 147 2581 illum
179 2525 318 2597 cuiquam
349 2523 473 2583 tacendo
505 2521 646 2584 creditis?
678 2525 762 2599 loqui
788 2542 819 2583 se
847 2542 915 2582 cum
946 2526 1074 2582 maxime

133 2799 305 2868 lcomperit
323 2820 342 2851 α
394 2799 621 2867 respondente
672 2799 773 2854 saltem
792 2806 837 2864 m
895 2799 961 2853 ain
974 2800 1074 2868 perata

60 2873 177 2942 ΒΜ(1”11
192 2888 278 2940 marp.
297 2869 429 2939 inparata
446 2872 500 2940 m);
519 2869 658 2939 imperata
676 2881 697 2923 V
764 2870 885 2925 frontem
903 2880 927 2924 J
997 2871 1074 2924 din-

61 2945 137 2997 oerta
156 2952 177 2995 V
244 2958 295 2996 nec
309 2959 358 2996 om.
374 2950 433 2995 ΒΜ
501 2957 585 3012 quem
603 2959 636 2996 cx
649 2948 804 2998 correctura
818 2950 851 2995 Μ
919 2942 1040 3006 theos

61 3044 207 3103 effectibus
226 3060 247 3101 c·
297 3031 376 3103 vobi⁸
394 3056 423 3102 Β
498 3047 632 3102 'lincerti
650 3057 689 3116 133
708 3048 822 3102 incertis
839 3058 862 3100 V
911 3046 1078 3102 exibetur!

61 3118 205 3188 Spopulo
225 3133 309 3186 suos
381 3126 412 3173 11
436 3119 674 3189 111191111011117
750 3122 782 3172 13
806 3113 1009 3174 calidissimam
1027 3128 1079 3172 BV

62 3191 82 3252 (l
100 3209 174 3259 supr.
189 3193 217 3259 t)
286 3198 319 3245 16
338 3191 500 3260 etquidem
517 3200 576 3245 ΒΜ
647 3196 679 3245 16
699 3190 892 3244 ammirari!
951 3208 1073 3245 rumore:

60 3271 188 3330 russel,
203 3274 304 3318 eorm
359 3269 391 3316 17
412 3263 559 3333 suspice&
573 3271 607 3315 Μ
636 3261 839 3346 ⁸vulgaresque
853 3271 881 3315 B
934 3268 967 3317 18
985 3263 1075 3332 parri·

613 3351 644 3387 u1

62 3387 125 3441 cido
142 3396 170 3439 P
221 3390 253 3439 21
274 3386 421 3442 docturum
439 3398 461 3442 V
515 3390 548 3441 22
568 3390 638 3458 nec}
656 3396 689 3440 Μ
705 3387 788 3456 (supr.
803 3389 845 3458 m)
898 3388 1026 3457 praestat
1043 3397 1076 3451 Vs

61 3466 95 3512 23
115 3472 183 3512 non:
202 3471 310 3524 nunes
363 3475 476 3528 possum
494 3469 515 3511 V
565 3455 854 3513 nefanda—silentio
874 3459 1039 3513 12401111

61 3528 185 3584 nefanda
198 3527 306 3584 melitis
320 3531 411 3586 Paris.
423 3535 498 3586 7800
511 3545 584 3586 mea.
595 3535 625 3586 2:
642 3529 794 3584 nefandam
810 3529 882 3583 elius
897 3547 932 3598 a,
951 3529 1076 3583 nefanda

61 3599 209 3656 malitias
279 3606 314 3655 24
331 3601 462 3656 miratur:
485 3603 595 3656 tutetur
612 3601 672 3658 Sed.

26 3730 29 3737 .
115 3700 277 3751 ommuni
287 3702 699 3744 »ammanuensium
903 3690 947 3736 Ἃ
