2430 3952
128 170 193 240 328
425 169 840 232 nurmsruurrnsnr

127 339 275 413 termites,
296 338 486 413 pulchritudo
509 358 568 401 non
592 340 690 416 auget.
737 357 836 401 amare
859 337 968 402 liberes
991 357 1068 401 unus
1091 338 1148 398 ed-

128 429 223 491 ieotus
247 430 300 489 est.
344 427 441 503 liberi,
463 429 581 502 marita
602 427 691 489 liberi
713 447 772 488 non
796 431 934 493 amantur
957 427 1064 502 oeulis„
1082 447 1147 491 nen

128 517 335 593 complectitur
356 520 454 581 mater
476 536 542 591 cre,
563 536 623 576 non
645 517 745 594 vultu,
770 516 821 576 sed
844 519 943 579 estin
965 516 1028 577 filie
1050 519 1147 579 matri

38 646 40 651 -
128 608 227 669 nescio
260 606 332 680 quid
362 607 481 667 homine
517 606 683 669 formosius.
705 651 708 658 ,
728 607 834 681 possit
859 606 986 668 forsitan
1022 606 1145 670 nouitas

128 695 288 758 sollicitare
307 696 398 769 visus,
420 713 589 772 expugnare
609 698 736 770 mentes3
759 694 791 752 in
809 695 914 755 matris
934 698 1056 770 aspectu
1075 713 1146 759 eos-
1174 715 1187 756 s

127 783 213 847 lescit
240 784 381 858 infantia,
409 785 539 860 pueritia
562 783 729 863 consurgit,
754 785 877 844 iuuenta
900 783 1051 859 subrepit,
1075 802 1145 860 spe

128 873 240 936 desum
270 891 357 933 suum
388 873 496 934 cotidie
523 872 619 944 videt,
650 873 787 946 miratur,
819 873 1018 948 amplectitur.
1065 892 1146 948 quse

126 961 243 1026 tamdiu
267 963 388 1035 amavit,
411 961 528 1037 quando
551 961 679 1037 incipiat
702 980 804 1020 amare
824 959 978 1023 desinere?
1013 980 1074 1024 nen
1097 971 1146 1023 est

127 1068 211 1127 opus,
232 1049 440 1113 nocentissimo
463 1069 559 1124 senex,
583 1050 622 1111 ad
644 1050 699 1110 hoe
719 1050 803 1113 nefas
827 1051 952 1111 cantate
971 1050 1023 1110 scd
1041 1056 1163 1113 amem

125 1141 179 1214 tie,
199 1139 249 1199 sed
263 1139 369 1199 furore.
407 1143 442 1199 ut
459 1141 491 1199 in
508 1140 618 1199 iuvene
634 1158 689 1199 suo
706 1142 803 1201 mater
821 1140 917 1215 possit
933 1141 1145 1215 concupiscere
1160 1161 1188 1205 re

127 1229 207 1304 quoe
229 1229 375 1290 formosus
398 1232 452 1302 est,
476 1228 571 1289 oderit
595 1230 713 1303 oportet
735 1228 816 1309 quod
837 1228 916 1287 filius
936 1231 998 1304 est,
1017 1232 1048 1288 et
1066 1229 1144 1288 adeo

127 1319 217 1381 moris
246 1316 410 1379 adfectibus
437 1337 497 1379 non
526 1316 686 1376 adiuvatur
711 1319 744 1376 in
770 1316 899 1393 sasinus,
929 1319 963 1375 ut
991 1317 1029 1380 sd
1058 1318 1145 1380 aliud

126 1407 185 1469 nisi
207 1425 261 1481 per
285 1405 464 1468 oblivionem
487 1406 534 1467 sui
555 1407 683 1465 bannire
706 1425 766 1469 nen
788 1406 891 1482 possit.

74 1497 112 1552 lc
195 1493 293 1565 Quid?
319 1495 399 1572 quod
422 1498 452 1555 et
473 1496 523 1555 hic
544 1495 747 1555 incredibilius
770 1493 918 1571 estquod
942 1514 1045 1570 parem
1068 1494 1145 1559 due-

125 1604 194 1647 rum
216 1587 313 1660 poscit
334 1583 504 1646 insaniam?
527 1587 557 1647 et
576 1584 614 1644 ad
634 1585 780 1647 incestum
798 1603 872 1659 opus
892 1586 945 1658 est
968 1587 1003 1646 ut
1022 1583 1146 1645 adamat
1160 1605 1186 1650 rc

127 1677 156 1733 at
179 1673 267 1747 filisa,
289 1693 349 1735 non
367 1677 402 1732 ut
420 1674 581 1734 adametur.
620 1673 656 1734 ab
679 1675 747 1733 utro
772 1673 876 1732 deinde
894 1674 986 1734 vultis
1009 1673 1145 1749 incipere

126 1781 240 1839 preces,
263 1764 364 1822 uenire
391 1761 576 1823 sermonem?
622 1763 743 1823 audebit
764 1762 820 1822 boc
842 1781 948 1838 rogere
975 1761 1055 1823 filius
1078 1781 1143 1823 ma-

125 1849 222 1912 trem‘l
245 1854 342 1910 mater
363 1851 420 1910 hoo
441 1853 659 1928 inpetraturum
682 1870 713 1910 se
736 1850 869 1926 sperabit
891 1870 909 1908 a
932 1848 1017 1911 filie?
1062 1852 1145 1911 hune

127 1942 261 2002 animum
283 1942 383 2013 tuum,
409 1959 510 2014 senes,
539 1960 665 2015 quocum
691 1941 937 2013 maximenon,
965 1942 990 2001 si
1012 1958 1074 2000 non
1097 1945 1146 2003 est

126 2028 244 2103 callida,
268 2047 328 2087 non
350 2030 483 2106 maligna
502 2029 663 2102 simulatio,
686 2028 723 2088 de
741 2028 798 2087 fide
817 2031 896 2089 tanti
914 2029 1031 2089 sceleris
1049 2031 1145 2091 inter-
1160 2051 1189 2095 se

125 2135 212 2194 rogo,
241 2137 279 2175 an
306 2119 406 2192 potest
433 2120 529 2177 mater
557 2118 714 2178 admittere
738 2118 817 2193 qnod
844 2118 928 2192 loqui
954 2137 1014 2179 non
1040 2121 1145 2193 petest

1 2215 2 2228 ¹
147 2203 234 2265 ater?

0 2325 1 2334 κ
124 2226 146 2283 p
194 2288 363 2369 ‘speciosus
385 2290 464 2353 unc!
500 2295 575 2355 libet
597 2297 782 2373 interrogare
804 2296 861 2354 hoc
883 2296 948 2355 loco
968 2315 1069 2355 omnes
1087 2296 1144 2355 hu-

125 2387 208 2447 mani
235 2384 351 2461 generis
378 2384 520 2443 adfectus.
565 2385 665 2460 placet
693 2404 776 2463 ergo,
804 2386 838 2443 ut
861 2386 887 2443 si
913 2384 976 2445 filio
999 2386 1147 2463 optigerit

125 2473 330 2552 indulgentior
360 2473 466 2548 facies,
494 2473 595 2533 uultus
626 2475 762 2547 erectior,
794 2474 926 2550 refugiat
954 2477 1050 2535 mater
1080 2493 1145 2535 am-
1160 2496 1189 2539 as

125 2561 251 2640 plexus?
299 2563 324 2622 si
347 2563 495 2639 uirginem
518 2582 611 2638 usque
635 2563 674 2620 ad
696 2562 859 2621 notabilem
882 2564 1009 2637 speciem
1032 2565 1146 2622 natura

125 2653 314 2725 formaverit,
346 2653 453 2710 timeat
485 2652 585 2711 oscula
621 2654 708 2727 pater
739 2652 918 2725 horrentque
951 2653 1146 2712 contactum?

126 2741 169 2801 dii
199 2742 329 2816 deaeque
357 2741 435 2800 male
463 2740 590 2816 perdant
618 2743 683 2799 tarn
709 2741 885 2816 inpudentes
918 2741 1145 2816 sollicitudines

200 2910 393 2978 lpulcritudo
413 2909 442 2980 (h
459 2913 545 2979 supr.)
559 2919 590 2962 B
676 2912 741 2980 aget
759 2919 794 2976 P,
811 2928 830 2963 u
848 2928 922 2980 supr.
937 2932 958 2971 p
1048 2925 1147 2969 amare

127 2982 222 3034 autem
240 2980 377 3045 libeross
461 2980 579 3034 eliberi
598 2986 660 3035 cate
678 2998 734 3034 non
754 2999 803 3035 om.
823 2991 844 3033 v
924 2981 1072 3038 ihomine
1090 2999 1145 3039 om.

130 3060 151 3102 ν
224 3051 391 3119 formonisius
409 3061 437 3105 B
523 3051 678 3105 osollicite
696 3062 718 3104 v
799 3052 922 3106 cobescit
939 3062 961 3104 v
1042 3053 1146 3106 teub-

125 3122 262 3195 repisitfl
318 3125 479 3181 8amatre
497 3132 549 3176 BV
604 3123 769 3179 sncfaxss
826 3130 858 3177 12
878 3123 981 3177 illude
1040 3129 1075 3177 13
1092 3140 1148 3192 per

126 3245 176 3283 om.
191 3237 219 3281 n
300 3236 332 3282 14
353 3231 470 3353 &agrem
489 3232 511 3300 (c
529 3232 576 3300 er.)
591 3240 623 3282 rr
700 3236 732 3283 rs
754 3213 892 3286 incentis
910 3239 939 3283 ιι
1014 3229 1144 3286 suamet:

126 3299 315 3367 admanet113
335 3316 351 3352 a
372 3304 486 3357 moneat
504 3312 536 3355 Μ
601 3333 602 3337 1
634 3307 667 3355 16
687 3302 882 3385 ἣάωηειὲιπμ
974 3303 1093 3370 utroque
1114 3312 1149 3355 Μ

127 3412 161 3465 18
179 3406 371 3476 inperatorem
389 3417 410 3459 ν
482 3408 605 3477 speravit
622 3417 675 3462 BV
749 3414 782 3463 24
802 3393 967 3480 optbgiterit
986 3408 1008 3476 (i
1023 3424 1099 3476 supr.
1116 3412 1146 3479 ι)

125 3486 164 3564 233
188 3481 293 3547 optimo
316 3479 419 3548 tegerit
440 3489 461 3531 v
547 3485 581 3533 25
604 3479 753 3551 amplexu}
774 3490 796 3532 V
887 3486 920 3536 28
946 3479 1084 3548 pudentes
1105 3489 1147 3548 Ι,

126 3567 229 3619 rsupr.
244 3571 277 3603 m
