2430 3952
129 197 193 264 308
440 162 824 250 rarrrvunrrrs'vn

129 366 229 440 rendi,
259 365 355 424 multa
376 366 518 440 paternae
541 363 664 439 pietatis
688 363 846 422 abstulerit
872 362 1054 437 infirmitas,
1081 362 1165 440 quid.

129 475 190 514 non
218 454 325 529 implet
350 455 479 528 repetita
506 451 640 512 delatio?
684 470 818 511 reversus
842 470 874 511 es
900 453 934 510 in
960 452 1063 513 forum
1093 454 1160 513 iarn

130 544 169 602 ad
197 543 309 604 iudices
336 543 438 602 iratos.
485 544 597 617 quanto
624 545 736 601 terrore
762 544 870 601 cuncta
896 540 1028 616 perculit
1055 542 1160 618 pudor

130 633 182 692 illc
209 633 271 691 iam
292 631 366 691 victi
393 635 424 690 et
445 622 596 690 redeuntia
621 622 652 689 in
677 630 850 689 damnatam
877 630 1168 692 conluctationaml‘

130 723 227 782 acrior
254 739 370 796 semper
392 740 427 779 ex
450 719 628 781 verecundia
651 719 742 778 dolor.
789 719 840 779 aad
863 722 894 779 et
917 718 1054 779 iudicum
1080 740 1157 782 cura
1182 741 1193 783 a

132 813 245 887 quanto
278 810 440 887 malignior
472 811 550 868 circa
580 808 730 867 redditum
761 806 867 867 reum?
923 827 1015 884 quarn
1046 810 1158 870 multia

131 901 231 976 placet
252 900 308 958 illa
331 898 366 957 de
386 897 626 958 dissimilitudine
649 898 903 974 pronuntiationis
922 897 1104 974 auctoritas,
1128 902 1159 959 et

132 989 263 1050 severior
284 988 404 1063 videtur
426 987 543 1046 diversa
566 984 735 1046 sententia?

96 1081 113 1136 9
199 1077 303 1136 Tertia
319 1095 391 1136 vero
409 1076 567 1150 abdicatio,
591 1075 634 1134 dii
649 1075 833 1149 inmortales,
853 1094 940 1151 quem
960 1075 1159 1153 adparatum,

133 1187 222 1243 quem
245 1168 339 1226 morit
361 1165 519 1224 ambitum!
557 1183 612 1242 ego
630 1165 723 1223 miror
742 1164 822 1239 quod
845 1164 920 1221 mihi
937 1163 1024 1223 licuit
1044 1167 1158 1242 audiri,
1172 1187 1194 1228 rc

135 1255 214 1331 quod
232 1274 357 1314 menon
374 1255 478 1313 statim
495 1253 609 1328 primus
627 1254 817 1330 querelarum
829 1253 977 1312 tumultus
992 1257 1158 1330 oppressit

134 1345 208 1420 quid
224 1346 293 1419 post
310 1347 369 1403 ista
387 1343 467 1418 nori,
489 1344 585 1418 pater,
608 1342 685 1402 obici
707 1339 826 1417 potest?
862 1343 941 1400 inter
958 1342 1050 1420 leges,
1069 1345 1159 1404 inter

132 1437 199 1493 iura
222 1434 375 1507 consenui,
397 1451 456 1491 non
478 1432 573 1490 habco
596 1433 629 1490 iu
651 1432 783 1490 moribus
806 1432 880 1490 meis
904 1430 983 1507 quod
1005 1451 1071 1492 non
1095 1455 1158 1494 me-

132 1523 193 1583 lius
215 1523 327 1582 iudices
350 1521 455 1582 sciant.
491 1521 604 1580 scilieet
622 1522 704 1596 capit
722 1523 829 1579 natura
847 1539 957 1596 rerum,
978 1523 1014 1579 ut
1030 1521 1157 1584 firhrrna

132 1611 284 1689 parricida
310 1631 370 1670 non
396 1610 585 1686 praemiserit
611 1612 710 1685 notas,
740 1610 831 1668 nullia
861 1611 931 1667 ante
959 1609 1001 1668 sit
1026 1615 1193 1672 maximia

133 1702 251 1760 sceleris
269 1702 430 1759 inmanitas
448 1700 633 1758 tumultuata
650 1699 786 1776 flagitiis3
805 1701 835 1756 ct
848 1697 1027 1774 quandoque
1045 1702 1157 1777 culleo,

113 1789 319 1866 carpentibus
347 1789 495 1866 expianda
521 1789 625 1847 feritas
658 1787 712 1847 sub
744 1787 863 1863 placida
894 1790 993 1846 mente
1022 1791 1157 1864 primam

134 1880 294 1955 pertulerit
316 1875 465 1937 aetatem?
502 1876 585 1935 aliud
608 1879 653 1940 est
675 1879 850 1936 miscrorum
872 1894 964 1954 genua
988 1878 1075 1952 quod
1099 1880 1157 1939 cle-

135 1969 261 2041 mentia,
294 1966 374 2042 qucd
400 1966 589 2026 succurrendi
614 1967 716 2024 favore
744 1966 914 2024 dimittitur.
960 1965 1159 2028 absolverunt

136 2077 183 2115 me
207 2058 258 2131 qui
276 2055 409 2115 sciebant
426 2075 486 2114 non
508 2056 697 2131 profutmum
719 2055 794 2114 mihi
812 2056 891 2130 quod
909 2052 968 2113 ncn
987 2055 1193 2118 abdicarem

136 2146 301 2222 proclames
323 2145 417 2222 igitur
438 2145 522 2204 licet:
546 2140 681 2203 ‘subinde
700 2143 803 2219 detuli,
825 2162 914 2219 saepe
933 2146 1057 2217 questus
1080 2166 1158 2222 sum,

135 2239 183 2293 ter
204 2234 342 2293 abdicare
364 2229 467 2308 volui',
498 2233 554 2292 hoc
580 2235 682 2292 tamen
702 2252 749 2291 res
773 2234 833 2292 ista
855 2232 943 2291 debet
966 2232 1097 2310 efficere,
1120 2239 1159 2296 ut

136 2323 194 2382 tibi
212 2342 271 2382 non
284 2326 426 2399 ¹oporteat
445 2321 524 2382 credi
542 2322 683 2398 quicquid
702 2321 784 2380 aliud
807 2321 956 2381 obieceris.
993 2341 1054 2381 non
1075 2326 1160 2386 enim

136 2415 280 2489 sequitur,
307 2415 402 2487 pater,
429 2415 463 2471 ut
485 2432 533 2470 me
556 2413 615 2470 tuis
641 2412 813 2470 criminibus
837 2428 968 2484 creusae,
997 2413 1081 2486 quod
1104 2434 1159 2474 no·

137 2504 252 2580 centem
273 2504 335 2560 tuis
358 2501 489 2561 moribus
512 2500 618 2577 probes
640 2498 756 2558 filium?
792 2499 972 2576 parricidam
994 2519 1055 2558 non
1080 2503 1195 2565 facita

208 2732 222 2779 1
243 2725 290 2790 Q*
311 2735 333 2778 Γ
410 2730 424 2776 2
443 2724 548 2793 repetit
566 2723 735 2778 adelactiore
755 2740 849 2777 versus
868 2734 890 2776 V
971 2740 1104 2779 reversus
1124 2745 1160 2782 ece

136 2814 267 2852 neverrua
285 2806 313 2850 Β
391 2795 449 2849 iam
468 2796 519 2849 ad:
539 2797 616 2849 amat
634 2805 655 2847 V
732 2799 747 2848 3
767 2795 856 2850 iratur
875 2817 894 2847 α
977 2796 1103 2863 pertulit
1121 2821 1159 2866 ως

136 2887 206 2926 corr.
222 2869 271 2923 Gr.
337 2874 352 2922 ὅ
372 2869 401 2921 ct
418 2885 494 2936 rupr.
508 2876 536 2920 Β
607 2872 622 2919 6
641 2867 782 2936 malignor
800 2876 827 2920 P
878 2867 1055 2920 redditurum
1071 2878 1106 2922 n

140 2955 237 3007 qnam:
258 2939 280 3019 9
300 2949 336 3006 Ρ;
360 2939 460 3009 quanti
479 2954 564 3006 quam
583 2947 615 2991 Β
685 2943 699 2990 7
719 2938 767 2991 ille
786 2947 839 2991 BV
907 2938 1160 2995 dediscimilitudi-

138 3027 202 3064 nem
220 3021 241 3063 V
308 3013 341 3064 ut
359 3032 378 3062 α
460 3015 475 3062 9
496 3009 547 3062 dii:
568 3008 606 3062 du
624 3018 678 3063 ΒΡ
760 3015 793 3062 10
812 3012 905 3063 mcvct
924 3020 961 3075 1¹3
979 3009 1061 3063 novit
1082 3021 1103 3064 8

138 3082 226 3136 lacuit
242 3091 263 3133 V
333 3088 364 3134 11
385 3081 573 3149 querellarum
591 3090 619 3134 B
689 3081 809 3150 cpreaait
823 3090 851 3134 Β
922 3087 955 3134 12
978 3083 1056 3149 post:
1077 3084 1160 3153 apud

138 3217 165 3276 Β
216 3206 296 3260 novit
313 3214 336 3257 V
383 3171 532 3276 intelliges
546 3215 574 3259 Β
628 3210 660 3259 13
679 3204 771 3276 habe}
789 3207 812 3276 (t
825 3223 864 3258 uc
882 3222 898 3259 ο
918 3223 953 3260 er.
969 3204 1100 3277 dubium)
1115 3218 1159 3277 ¹13

138 3278 260 3332 habet-t
307 3276 437 3348 qucdgl’
486 3284 519 3332 14
533 3278 768 3345 fiantctccrrm
820 3283 852 3330 16
866 3277 996 3347 flagiisP
1015 3279 1127 3375 5collo
1141 3291 1165 3335 V

139 3408 172 3456 17
197 3402 385 3472 serpentibus:
409 3402 473 3456 -bua
491 3423 523 3454 m
541 3404 572 3456 e'n
589 3419 644 3457 raa.
724 3407 756 3455 19
779 3400 985 3469 favorcmm'3
1003 3371 1034 3455 -Ξ
1052 3413 1087 3457 11

139 3516 174 3563 22
192 3476 235 3565 tcr
253 3518 291 3576 Β;
316 3497 360 3563 atr
378 3519 405 3563 Ρ
483 3511 630 3563 tantumt
706 3508 748 3561 ita
768 3518 788 3560 Γ
865 3514 898 3562 23
917 3506 1037 3563 obicerir
1055 3519 1088 3565 Ι

141 3588 174 3636 24
194 3579 321 3656 accustea
339 3590 367 3634 Β
