2430 3952
124 174 192 240 ,136
432 173 635 229 TORMENTA
653 173 829 228 PAVPERIS

123 345 261 404 fortassis
284 342 399 418 aliquid
421 343 453 400 in
475 361 542 402 mea
564 343 658 401 morte
681 344 806 402 fecisset.
844 343 993 418 confiteor,
1014 342 1137 419 iudices,

124 433 200 492 nihil
228 436 299 491 tunc
328 433 479 491 oculorum
506 450 639 492 meorum
666 432 837 509 diligentia,
870 432 945 490 nihil
973 433 1035 510 egit
1064 452 1136 493 cura

122 523 225 582 miseri
246 523 351 598 patris.
395 539 550 596 percussor
572 522 669 579 voluit
690 523 820 598 agnosci.

190 611 252 669 Vos
275 628 362 684 nunc,
385 612 472 684 cives,
495 628 562 685 vos,
585 627 685 668 omnes
699 611 832 669 'humani
854 610 968 687 generis
992 610 1136 685 adfectus,

124 701 306 760 miserrimus
333 701 485 776 interrogo
510 701 603 775 pater.
649 697 772 757 suadete
796 699 868 774 quid
894 700 1011 758 faciam.
1056 701 1136 759 hunc
1164 719 1176 759 s

124 808 214 864 quem
236 789 345 848 videtis
368 790 447 846 circa
470 807 516 846 me
540 789 727 865 sanguinem,
755 789 790 866 de
815 788 871 846 filii
893 787 1064 848 vulneribus
1088 808 1136 847 ex·

123 880 198 954 cepi.
244 877 290 936 his
319 877 456 935 manibus
488 877 615 935 labentis
645 877 726 935 unici
757 876 889 936 membra
921 877 1057 936 sustinui.
1103 880 1137 935 in

124 967 217 1026 oculis
241 967 337 1025 adhuc
359 966 459 1024 vultus
481 965 533 1024 1111
556 964 736 1040 morientis,
750 965 872 1024 haerent
899 966 1021 1025 auribus
1044 966 1136 1026 verba

124 1075 212 1131 super
239 1055 365 1113 cadaver
393 1051 498 1112 habita
525 1055 686 1113 exultantis
717 1055 840 1114 inimici.
884 1054 974 1114 fidem
1004 1058 1136 1113 tormen·

123 1144 244 1204 torum!-
260 1161 412 1218 quousque
430 1144 610 1216 percussoris
628 1141 684 1200 filii
701 1145 760 1202 mei
774 1145 907 1203 conscius
922 1141 990 1203 ero?
1021 1145 1136 1220 aperite
1151 1164 1177 1204 11

123 1226 226 1309 pectu‘s
249 1233 331 1290 istud
354 1233 384 1290 et
410 1233 509 1290 totum
532 1232 567 1289 de
589 1231 750 1292 visceribus
773 1235 846 1292 meis
873 1232 998 1292 latronis
1024 1234 1136 1309 egerite

124 1323 277 1381 secretum.
322 1320 398 1394 vidi,
426 1322 456 1378 et
482 1320 557 1378 mihi
583 1339 642 1379 non
671 1321 808 1380 creditur.
853 1322 929 1396 vidi,
957 1323 1002 1379 ita
1023 1322 1136 1396 possim

125 1414 154 1472 et
181 1410 212 1469 in
239 1410 395 1469 tormentis
422 1408 509 1467 idem·
529 1409 633 1469 dicere.
680 1412 733 1469 aut
760 1412 786 1469 si
815 1429 961 1487 conpone,
991 1411 1017 1469 si
1045 1410 1135 1488 fingo,

123 1520 202 1574 urar,
224 1500 397 1573 1111111111
419 1509 479 1557 non
496 1498 625 1574 probem.
663 1499 689 1558 si
711 1499 837 1574 videtur,
859 1498 1041 1574 torquendus
1060 1518 1135 1574 sum,

123 1589 249 1663 iudices,
276 1593 311 1647 ut
336 1589 393 1647 hoc
420 1587 553 1646 desinam
581 1586 684 1646 dicere.
730 1606 783 1647 nec
810 1607 870 1662 me,
899 1588 1024 1661 11111111,
1054 1588 1136 1648 fallit
1150 1608 1176 1648 11

125 1680 268 1754 quantam
296 1678 405 1736 molem
432 1676 628 1736 accusationis
655 1678 746 1735 etiam
767 1679 799 1734 in
825 1678 985 1751 manifesta
1007 1679 1135 1736 veritate

124 1768 310 1843 susceperim.
356 1765 480 1823 divitem
503 1765 702 1824 detulireum
726 1784 841 1841 pauper
867 1768 1017 1840 inimicus,
1046 1768 1136 1826 occisi

123 1859 219 1932 pater,
247 1857 276 1915 et
301 1855 435 1931 postule,
462 1856 497 1912 ut
518 1855 594 1912 1111111
621 1854 758 1913 credatur
784 1854 989 1914 testimonium
1013 1857 1045 1912 in
1068 1875 1136 1915 mea

124 1945 253 2004 orbitate
276 1943 394 2002 dicenti.
431 1944 534 2018 itaque
557 1963 618 2002 non
640 1943 789 2018 deprecor,
813 1945 970 2018 quominus
992 1943 1068 2002 mihi
1085 1964 1135 2004 ve·

124 2034 188 2092 litis
208 2035 306 2106 irasci,
329 2032 421 2091 donec
438 2031 568 2107 probem.
606 2034 742 2106 torquete
760 2033 915 2107 tamquam
933 2034 1134 2092 mentientem.
1149 2053 1176 2092 ao

84 2137 108 2194 4
192 2120 262 2196 Lex,
275 2120 381 2197 inquit,
396 2120 522 2179 liberum
540 2121 688 2180 hominem
701 2121 834 2196 torqueri
847 2123 937 2180 vetat.
967 2121 1136 2197 perfidem,

125 2209 248 2286 iudices,
277 2211 342 2285 quis
369 2229 428 2269 non
455 2211 510 2269 hoc
538 2229 605 2269 eum
631 2210 805 2286 respondere
837 2209 938 2268 credat
965 2213 1047 2270 cuius
1074 2215 1136 2270 tor·

124 2301 224 2358 menta
246 2297 426 2375 poscantur?
471 2299 595 2374 nemini,
617 2299 742 2374 iudices,
770 2299 855 2358 credo
879 2298 1014 2374 dubium,
1039 2300 1135 2378 legem

126 2408 200 2464 quae
218 2387 351 2464 torqueri
369 2387 495 2445 liberum
512 2387 662 2447 hominem
679 2390 771 2462 vetat,
793 2389 849 2446 hoc
867 2389 1050 2464 prospexisse
1069 2393 1134 2448 tan·

124 2481 198 2552 tum,
220 2496 256 2536 ne
280 2478 346 2553 quis
368 2479 557 2552 torqueretur
578 2477 698 2552 invitus,
722 2479 752 2535 et
773 2479 840 2536 iura
864 2496 939 2552 quae
962 2495 1016 2536 nos
1039 2497 1135 2537 aser·
1149 2497 1176 2537 11

124 2567 231 2627 vilium
253 2584 409 2641 corporum
430 2565 599 2625 condicione
618 2569 780 2639 secernunt,
803 2566 998 2642 inpatientiae
1016 2569 1136 2626 tantum

125 2657 300 2717 succurrisse
327 2654 499 2713 nolentium.
545 2655 676 2714 omnium
703 2653 909 2714 beneficiorum
938 2655 998 2714 ista
1026 2658 1135 2714 natura

125 2748 179 2821 est,
200 2748 235 2803 ut
252 2763 312 2803 nou
329 2743 369 2802 sit
390 2745 556 2818 necessitas,
579 2743 630 2803 sed
652 2746 791 2821 potestas.
828 2743 971 2819 quicquid
987 2745 1019 2802 in
1042 2745 1134 2805 hono-

124 2853 187 2893 rem
201 2833 325 2892 alicuius
343 2833 497 2892 inventum
515 2834 568 2907 est,
583 2832 696 2892 desinet
713 2833 904 2909 privilegium
922 2835 1022 2892 vocari
1039 2852 1134 2910 posse,

125 2925 151 2983 si
169 2941 264 2999 cogas.
294 2925 415 2997 cuneta,
434 2923 460 2981 si
477 2921 604 2997 videtur,
621 2923 688 2980 iura
705 2923 876 2997 percurrite,
894 2940 1042 2997 nusquam
1060 2922 1134 2981 adeo
1149 2941 1176 2982 11

125 3030 179 3088 pro
202 3011 287 3069 nobis
314 3011 443 3070 sollicita
465 3012 512 3069 lex
536 3013 596 3087 est,
624 3012 658 3068 ut
681 3010 760 3086 quod
782 3013 928 3086 praestat,
952 3013 1134 3087 extorqueat.

197 3233 326 3287 omiscri
339 3232 441 3302 patris:
460 3231 516 3286 mei
529 3232 636 3302 patior
690 3230 832 3285 elabenti
845 3240 873 3283 B
925 3231 1013 3286 unici:
1032 3233 1099 3287 unio
1114 3243 1136 3287 s

126 3303 222 3358 sille:
241 3303 318 3357 illius
336 3313 366 3371 νς
384 3303 459 3357 filius
478 3317 505 3372 33
523 3303 606 3358 illic
675 3309 707 3357 11
726 3302 893 3358 latronesB
964 3305 1134 3358 131111111-

126 3375 500 3446 pon02sicm.1’,supr.p
589 3379 623 3428 20
641 3375 799 3443 torqueris
884 3374 1029 3440 tamquam
1048 3392 1098 3430 om.
1117 3386 1138 3427 ν

126 3488 170 3609 ἔοι
179 3464 317 3608 1111111111
334 3490 363 3535 Β
424 3486 456 3534 31
476 3483 603 3551 praestat
620 3483 752 3550 torqueat
770 3481 934 3548 extorqueat
952 3488 985 3548 P,
1003 3481 1135 3549 torqueat

147 3572 177 3610 1.
192 3571 264 3608 marr.
702 3602 705 3607 .
