2430 3952
117 189 160 253 92
447 187 571 243 AEGER
588 186 808 244 REDEMPTVS

116 374 199 415 mare
234 355 433 416 redimentes?
478 357 521 416 dii
552 359 748 430 immortales,
786 375 876 432 quam
908 374 1051 434 arrogans
1084 375 1132 416 me

116 445 231 522 pirata,
254 465 343 521 quam
366 446 511 522 superbus
534 444 669 522 excepit?
712 465 835 522 parum,
855 445 967 521 inquit,
991 446 1134 520 attulisti,

117 553 214 610 senex,
236 535 360 612 languet
378 535 462 595 alter.
501 535 572 610 quid
595 553 650 612 ego
669 553 687 592 a
705 534 762 594 diis
784 533 1014 609 hominibusque
1036 535 1134 593 merui

119 623 198 698 quod
215 625 289 682 mihi
306 643 366 683 uon
379 623 548 683 redditurus
566 625 727 699 utrumque
745 642 804 682 non
822 625 886 699 ipse
904 623 1004 699 potius
1020 621 1134 701 elegit?

118 730 223 772 saevus
247 715 277 771 et
298 713 422 772 hnmani
444 713 554 772 doloris
578 713 686 771 artifex
704 713 828 790 negavit
847 731 865 770 a
882 731 929 771 me
947 712 1021 771 duos
1035 730 1133 788 vposse
1159 731 1169 772 e

117 801 231 860 redimi
278 801 392 876 deinde,
415 804 449 860 ut
471 801 527 860 hoc
548 802 672 877 tristius,
696 804 730 859 ut
753 800 904 861 difficilius
928 803 1013 876 esset,
1036 801 1134 859 reddi-

117 892 220 948 turum
243 909 274 950 se
297 891 374 948 dixit
391 893 492 949 utrum
510 890 688 949 maluissem.
725 891 816 965 vides,
839 890 964 964 invenis,
987 892 1135 964 quantum

118 981 226 1056 pietati
247 997 330 1037 meae
352 978 557 1038 testimonium
578 979 742 1038 reddiderit
763 982 829 1054 ipsa
853 978 1020 1038 crudelitas.
1064 997 1134 1037 con·

118 1068 195 1127 dicio
218 1086 278 1126 non
300 1069 432 1143 ponitur,
454 1067 512 1127 nisi
536 1068 609 1127 duos
631 1068 833 1144 redempturo.
876 1068 1048 1143 expectetis,
1072 1086 1134 1126 cer-

118 1159 183 1214 tum
205 1157 314 1230 habeo,
337 1157 461 1231 iudices,
484 1160 520 1215 ut
542 1158 574 1215 in
595 1157 784 1216 tristissimae
807 1157 993 1216 necessitatis
1016 1157 1134 1232 positus
1149 1176 1172 1216 ro

119 1246 247 1320 abrupto
263 1244 302 1303 ad
320 1263 442 1322 aegrum
457 1247 598 1306 continuo
616 1247 846 1322 properaverim.
884 1248 950 1321 quis
968 1263 1029 1304 non
1046 1247 1135 1321 putet

119 1334 223 1394 audita
247 1334 417 1394 condicione
436 1335 556 1394 vincula
577 1354 624 1394 me
648 1337 752 1394 statim
770 1333 932 1393 detraxisse
954 1333 1135 1411 languenti?

119 1423 242 1483 oderitis
264 1423 337 1482 licet
360 1425 573 1483 confessionem
594 1442 705 1498 meam,
728 1423 898 1483 deliberavi.
935 1424 1033 1482 tenuit
1054 1424 1136 1483 inter

119 1513 187 1572 illos
219 1512 442 1589 inexplicabiles
475 1513 585 1572 doloris
618 1516 717 1573 aestus
745 1532 835 1588 quam
866 1513 1003 1590 longum,
1034 1513 1136 1572 tenuit

118 1604 215 1678 pietas
238 1604 347 1661 misera
370 1603 539 1678 consilium,
568 1604 598 1660 et
621 1602 700 1678 quod
722 1621 875 1678 nunquam
898 1603 972 1661 satis
994 1601 1134 1660 manibus
1149 1621 1173 1661 u

119 1691 184 1766 filii,
206 1710 359 1766 nunquam
382 1691 455 1750 satis
479 1691 623 1750 excusabo
646 1691 843 1750 conscientiae
865 1709 962 1764 meae,
990 1709 1050 1749 non
1073 1693 1135 1749 sta·

84 1784 103 1839 5
122 1782 178 1837 tim
191 1779 266 1837 mihi
280 1781 331 1838 ille
351 1779 486 1839 deficiens
504 1781 608 1838 uniens
626 1780 692 1839 fuit.
730 1779 896 1838 dissimules
914 1778 993 1854 licet,
1012 1779 1135 1854 orbitas,

120 1886 174 1945 ego
192 1869 267 1926 mihi
285 1869 447 1943 plurimum
465 1869 586 1938 morbis,
608 1868 770 1944 plurimum
788 1869 893 1927 videor
910 1868 1051 1927 adiecisse
1070 1869 1135 1926 lan-

119 1957 207 2034 guori
224 1957 421 2016 cunctationis
439 1975 532 2031 mora,
551 1960 582 2015 et
599 1958 692 2016 sensit
709 1957 821 2032 infelix,
841 1957 913 2033 quid
930 1957 962 2015 in
981 1956 1135 2017 electionis

119 2046 207 2103 huius
229 2046 405 2104 necessitate
428 2046 537 2104 fuerim
559 2048 664 2105 neutro
692 2047 852 2124 languente
880 2047 1020 2104 factiuns
1066 2048 1134 2104 tan·
1149 2065 1175 2105 so

119 2134 199 2209 dem,
232 2134 312 2208 quod
344 2133 439 2192 solum
471 2134 599 2193 habebat
626 2135 757 2194 ambitus
790 2154 895 2212 gerne,
928 2135 1135 2210 desperatione

119 2223 296 2299 praevaluit.
342 2223 444 2298 accepi
471 2222 567 2282 fateor
593 2223 679 2282 illum
707 2224 758 2299 qui
786 2226 900 2284 solutus
929 2243 1045 2299 quoque
1073 2242 1135 2282 non

120 2311 306 2387 sequebatur,
331 2330 418 2386 quem
440 2329 500 2369 non
524 2313 668 2390 gandium
691 2314 911 2389 redemptionis
934 2332 993 2371 non
1016 2313 1136 2371 laetitia

119 2400 258 2477 praelati,
280 2419 340 2458 non
362 2400 511 2459 hortantis
536 2402 629 2460 erexit
650 2403 745 2476 patris
765 2402 925 2478 amplexus.
963 2401 988 2460 si
1007 2404 1085 2460 esset
1101 2401 1135 2459 in

120 2491 207 2549 rebus
230 2490 367 2548 humanis
388 2489 452 2547 ulla
470 2490 636 2565 clementia,
659 2508 824 2549 merueram
848 2490 938 2549 etiam
958 2490 993 2548 de
1016 2490 1135 2567 piratis,
1149 2509 1175 2550 aa

120 2582 154 2637 ut
176 2579 251 2637 mihi
278 2579 336 2636 duo
359 2576 559 2637 redderentur.
605 2579 733 2653 utinam,
761 2579 886 2654 indicae,
913 2579 1028 2638 iuvenis
1051 2578 1134 2637 illius

120 2670 184 2727 vita
206 2669 381 2744 praestaret,
404 2668 440 2725 ut
456 2665 608 2726 videretur
630 2687 690 2726 non
712 2668 837 2743 periculi
860 2668 1059 2741 miseratione,
1083 2668 1136 2726 sed

121 2758 246 2816 caritate
268 2758 431 2834 praelatus.
471 2776 519 2814 me
540 2755 690 2815 infelicem
714 2757 793 2832 quod
814 2758 924 2816 bonam
946 2756 1041 2814 habeo
1065 2775 1135 2823 cau-

194 2950 207 2997 1
228 2943 268 2996 dii
286 2942 471 2998 immortales:
491 2942 558 2996 dum
576 2943 708 2996 mortales
731 2953 753 2995 V
815 2959 900 3010 quam
919 2949 981 2998 autc
1000 2959 1135 3012 arrogans

121 3028 202 3080 onas
268 3020 372 3068 anon:
392 3031 443 3068 nec
462 3024 489 3068 P
551 3013 692 3068 brademi
709 3024 734 3067 J
794 3014 943 3082 8pietati:
962 3014 1011 3067 -tis
1034 3023 1084 3067 sM

120 3085 287 3140 reddiderit:
302 3086 352 3140 red
366 3089 398 3140 ia
411 3103 496 3157 uterq.
507 3085 571 3140 odd.
582 3096 612 3152 υς
627 3085 752 3138 redderit
766 3094 802 3152 M,
818 3085 848 3138 di
860 3103 935 3154 supr.
946 3107 977 3138 m
1029 3090 1044 3138 9
1064 3085 1135 3138 duos

120 3157 300 3226 redempturo
319 3170 400 3221 oms
452 3158 645 3226 redempturos
665 3165 697 3209 M
754 3161 786 3209 10
805 3156 835 3209 in
853 3166 952 3222 om.1’,
971 3173 1044 3225 supr.
1059 3177 1080 3217 p

122 3235 154 3282 11
175 3227 274 3281 abruto
290 3236 322 3280 M
406 3234 438 3281 12
457 3244 502 3282 me
521 3228 617 3282 statim
635 3225 747 3280 vincula
766 3240 781 3291 β
867 3234 900 3280 14
919 3244 1004 3295 quam
1022 3248 1052 3280 a:
1071 3242 1135 3296 per-

121 3315 206 3368 quam
224 3311 277 3362 oro
327 3299 420 3352 tenuit
433 3316 482 3354 om.
499 3312 551 3364 syc
603 3304 636 3352 17
656 3297 805 3351 dissimiles
819 3307 872 3365 Bc,
892 3298 1037 3351 dissimilis
1052 3307 1084 3350 M

122 3371 159 3424 sit
172 3369 318 3440 postlicet
331 3369 438 3424 cddM
491 3375 523 3424 18
541 3369 688 3423 morbiue
733 3369 878 3439 languoris
893 3378 925 3422 Μ
977 3373 1009 3422 19
1030 3369 1104 3422 sensi
1118 3379 1139 3421 v

122 3501 156 3548 25
174 3459 226 3548 illa
245 3497 272 3564 (v
290 3497 449 3565 scpr.o)1s
519 3456 675 3548 mernemm
693 3497 778 3563 (sepo.
793 3495 820 3564 o)
839 3502 867 3545 Β
955 3499 988 3546 26
1012 3493 1133 3548 utinam:

121 3569 184 3621 uter
203 3576 240 3633 1³3
258 3568 329 3619 uts
401 3571 755 3633 arnonem.1²‚sopr.p
