2430 3952
138 197 200 262 158
447 196 577 251 GEMINI
595 195 839 250 LANGVENTES

136 367 247 426 solacia
266 367 325 425 sint
343 365 380 425 de
398 366 499 424 liberis
519 383 592 440 quos
614 365 672 424 tibi
690 365 801 423 videris
823 384 884 423 non
905 365 1070 440 perdidisse
1091 368 1154 426 nisi

135 457 207 514 fato.
254 457 320 530 quis
349 475 383 514 ex
414 455 588 532 parentibus
615 456 723 528 nesoit,
754 456 787 513 in
814 455 870 512 hae
897 472 928 513 se
955 455 1153 516 mortalitatis

135 563 290 620 procreare
313 542 399 622 lege?
444 544 496 603 sed
518 543 635 621 indigni
657 545 754 602 exitam
772 562 864 619 supra
888 544 1048 603 orbitatem
1071 547 1152 603 sunt.

135 634 202 692 ideo
232 635 328 711 magis
351 634 455 692 flemus
482 634 550 691 illos
574 649 648 707 quos
671 632 751 691 bella
777 635 954 708 rapuenmt,
981 633 1084 692 hausit
1105 635 1152 691 in-

136 723 281 797 oendium,
304 723 462 800 naufragia
480 723 652 780 merserunt
685 723 793 780 fortius
815 722 894 780 feras
917 722 996 780 inter
1014 721 1152 781 adsiden·
1180 745 1194 784 s

135 814 212 870 tium
230 830 345 886 manus,
367 813 447 870 inter
466 829 586 870 suorum
604 809 702 868 officia
720 811 862 885 labentes,
886 829 953 870 oum
972 829 1002 869 se
1021 812 1152 871 invicem
1184 825 1187 830 ·

136 901 251 975 ossula,
279 919 346 958 oum
374 919 404 959 se
428 901 575 958 satiavere
602 918 764 973 sermones,
792 917 859 957 oum
883 893 983 978 [data]
1011 919 1153 976 suprema

135 990 278 1048 mandata
305 992 387 1064 suut,
416 991 446 1047 et
473 1007 503 1047 se
530 991 589 1047 soit
615 990 712 1063 pietas
741 990 841 1047 omnia
868 989 972 1048 fecisse
998 1007 1053 1064 pro
1076 991 1150 1048 vita.

135 1080 230 1156 igitur
252 1098 356 1137 rerum
379 1077 504 1136 dixerim
526 1077 595 1136 illos
619 1079 695 1135 mori
718 1077 873 1151 eredimus,
895 1078 949 1136 hos
970 1079 1076 1152 perire.

84 1168 122 1224 14
202 1167 270 1224 Nou
301 1167 435 1242 invenio,
468 1166 717 1241 quemadmodum
745 1167 966 1225 exeusationem
996 1169 1084 1242 pater
1111 1167 1151 1226 de
1167 1189 1193 1228 ro

136 1274 279 1314 consensu
301 1257 397 1332 possit
415 1258 547 1332 aoeipere
569 1255 758 1314 medicorum.
795 1257 851 1315 hoo
869 1257 916 1314 est
934 1255 1013 1330 quod
1031 1275 1152 1314 omnem

136 1347 388 1420 comparationem
401 1345 530 1404 feritatis
545 1345 665 1403 exeedit.
698 1344 807 1403 occidit
819 1343 915 1403 filium
929 1347 1015 1420 pater
1027 1348 1152 1420 propter

134 1435 285 1492 hominem
300 1453 387 1508 quem
405 1453 465 1493 non
483 1433 603 1510 putavit
620 1451 707 1510 posse
728 1435 836 1492 sanari.
874 1433 953 1508 quod
971 1436 1005 1491 tu
1023 1433 1152 1493 monstri

134 1523 325 1599 portentique
357 1542 448 1601 genus
476 1523 520 1582 esl
565 1522 656 1581 habes
687 1522 841 1599 parricidii
868 1522 1059 1598 patientiam,
1088 1542 1151 1581 non

134 1612 224 1671 habes
253 1613 398 1672 orbitatis.
444 1613 489 1670 ite
515 1612 635 1670 demum
660 1613 746 1687 potes
774 1612 851 1671 ferre
877 1611 933 1668 filii
954 1613 1094 1686 mortem,
1122 1613 1151 1671 si
1166 1633 1192 1673 rs

135 1700 250 1760 facinus
284 1701 433 1760 adieceris
477 1704 512 1759 tu
544 1701 668 1775 oooidis,
705 1703 776 1775 quia
807 1700 1001 1776 desperavere
1032 1700 1148 1760 medici.

136 1809 273 1866 quererer
291 1791 480 1864 meheroules,
500 1792 525 1848 si
541 1789 722 1864 reliquisses,
737 1790 762 1848 si
781 1789 853 1865 quid
871 1789 907 1848 de
925 1791 1150 1848 oontiuuatione

135 1899 222 1938 curae
242 1879 410 1938 sollicitudo
433 1880 570 1938 laxasset.
607 1879 684 1936 nihil
701 1897 772 1956 ergo
791 1878 860 1954 plus
879 1878 970 1937 faoies
990 1897 1080 1953 quam
1101 1878 1150 1936 illi

136 1970 187 2042 qui
208 1985 287 2026 nuno
308 1969 408 2043 plures
427 1969 610 2027 oiroumeunt
628 1967 764 2026 fortassis
782 1985 896 2044 aegros,
915 1985 989 2042 quos
1006 1967 1149 2042 detrahit,

136 2075 209 2131 quos
228 2059 334 2115 avocat
354 2058 414 2114 alia
433 2057 556 2115 curatio.
590 2056 668 2115 filios
687 2057 794 2115 saltem
813 2056 964 2123 committe
983 2057 1031 2115 vel
1048 2058 1148 2115 matri.
1164 2079 1191 2116 ao

135 2145 171 2203 de
198 2146 319 2203 fortuna
346 2148 498 2220 queratur,
524 2145 582 2203 di'u
610 2146 702 2224 faeiat
726 2146 879 2203 invidiam.
924 2145 1044 2204 mulieri
1070 2165 1150 2220 quae

135 2235 211 2292 ferre
233 2253 293 2292 non
316 2236 415 2309 potest
434 2234 513 2309 quod
530 2234 640 2293 videris
660 2234 838 2310 desperasse,
861 2253 1014 2308 uunquam
1037 2254 1072 2292 ex
1092 2235 1149 2294 hoo

134 2323 281 2383 rationem
302 2323 409 2383 reddas
433 2324 511 2398 quod
535 2323 685 2382 oooideris

200 2411 273 2481 Quis
296 2412 386 2488 hano,
408 2413 529 2487 iudioes,
552 2412 759 2488 inpudentiam
781 2410 878 2470 ferat?
901 2414 1031 2487 temptat
1052 2414 1148 2488 pater,

134 2512 168 2560 ut
191 2504 222 2560 et
243 2502 312 2560 huis
332 2504 378 2561 rei
401 2501 528 2560 credatis
548 2502 628 2577 quod
651 2501 872 2576 desperaverint
894 2519 995 2560 omnes
1019 2503 1050 2560 et
1067 2502 1148 2577 quod
1163 2523 1190 2562 ss

134 2593 266 2666 speravit
289 2609 372 2650 unus.
418 2593 536 2650 nostrae
560 2591 680 2666 quidem
704 2590 840 2665 querelae
864 2589 974 2649 sufficit
996 2609 1056 2649 non
1080 2609 1148 2649 oon-

133 2681 248 2739 venisse
276 2680 411 2755 modieis,
439 2683 468 2738 et
494 2698 564 2738 eum
591 2682 729 2739 inventus
757 2681 797 2738 sit
821 2679 872 2754 qui
900 2681 1004 2737 eontra
1028 2697 1148 2738 sensum

123 2765 355 2844 'desperantium
384 2787 477 2847 genus
504 2768 626 2844 aliquod
658 2768 796 2828 sanitatis
824 2768 967 2843 adferret,
999 2767 1044 2827 fas
1073 2770 1146 2841 erat,

133 2857 257 2931 iudices,
284 2860 319 2916 ut
347 2858 443 2917 adhue
469 2858 652 2918 inveniretur
680 2858 755 2915 alius
779 2860 830 2932 qui
858 2858 998 2931 laetiora,
1025 2856 1148 2914 utiliora

206 2992 296 3045 lnisi
313 3008 348 3046 ex
366 2992 426 3046 fato
448 3001 470 3043 V
534 2992 642 3045 thano
661 3001 683 3044 V
748 2991 875 3060 3legem
894 3012 912 3043 α
976 2991 1103 3060 diriter}
1120 3001 1149 3044 Β

135 3069 167 3116 11
186 3063 294 3134 pos{sit
311 3072 340 3116 Β
392 3070 425 3118 12
446 3063 551 3117 oooidit
568 3069 631 3117 oate
646 3079 729 3132 quem
744 3076 770 3129 β;
785 3068 849 3131 post
863 3061 957 3115 senari
972 3075 999 3128 ες
1018 3075 1147 3129 ooo.oyo;

133 3175 237 3238 tronsp
252 3171 330 3225 Dese.
340 3187 371 3238 p.
382 3175 426 3237 78,
465 3176 498 3224 13
517 3151 730 3239 quantitates
747 3178 768 3221 V
819 3175 853 3222 14
871 3169 1050 3238 portentique
1065 3185 1115 3224 om.
1130 3179 1151 3222 V

12 3257 14 3262 ¹
134 3282 167 3330 15
191 3277 285 3345 potest
301 3285 330 3329 B
407 3283 440 3330 16
464 3239 682 3346 desperaverdpt
699 3285 721 3328 V
791 3281 822 3328 19
841 3275 969 3330 fortassis
988 3293 1039 3330 om.
1058 3285 1080 3327 Β

134 3346 267 3402 distrahit
288 3357 310 3399 v
378 3354 412 3400 20
431 3348 550 3402 advocat
567 3360 589 3401 o
645 3347 757 3401 saltem:
778 3345 1148 3412 emtores.13saltims

134 3425 166 3473 21
187 3421 371 3501 quqratur133
386 3419 514 3488 quiratur
529 3429 556 3471 Ρ
608 3424 642 3472 24
660 3418 767 3473 iudioes
781 3436 832 3474 om.
847 3428 868 3470 V
918 3423 951 3470 26
968 3420 1001 3471 ut
1012 3434 1064 3472 om.
1075 3430 1097 3471 o

133 3508 351 3577 desperaverunt
369 3520 405 3572 so
465 3514 499 3562 26
518 3507 659 3576 querellae
677 3517 719 3572 ns
782 3513 816 3561 28
835 3507 928 3561 adfert
945 3516 973 3560 Β
1036 3511 1069 3560 29
1089 3507 1148 3560 lee·

131 3579 206 3633 tiore
225 3582 253 3633 et
269 3578 385 3633 utiliora
405 3590 433 3647 ες
451 3578 469 3633 l.
490 3581 584 3632 autu.
603 3580 681 3634 Dese.
