2430 3952
435 196 669 253 Daonnnfflo
688 197 727 251 XI
741 201 818 252 6-8.
1069 198 1134 260 213

122 369 257 444 quisquis
279 368 376 426 ullum
398 367 513 426 facinus
536 370 568 426 iu
590 367 677 426 rebus
699 367 838 426 humanis
863 366 1015 443 publicum
1038 369 1133 442 putat.

122 455 363 534 persuadentium
386 457 463 516 vires
487 459 565 532 sunt,
588 454 730 531 quicquid
753 457 858 515 civitas
881 457 967 530 facit,
990 457 1020 514 et
1043 455 1135 530 quod-

111 537 237 621 cunque
255 546 329 604 facit
347 546 484 622 populuS,
499 546 659 604 secundum
676 545 757 620 quod
776 547 973 621 exasperatur,
988 544 1133 603 irascitur.

122 637 165 694 sic
189 653 311 712 corpora
333 638 435 694 nostra
458 638 573 694 motum
599 634 659 693 nisi
681 634 717 692 de
739 637 838 692 mente
861 653 920 692 non
943 637 1077 708 sumunt,
1105 636 1136 692 et

94 724 220 784 actioso
241 726 311 783 sunt
333 723 474 799 membra,
498 723 589 783 donec
610 723 672 782 illis
696 725 812 781 animus
835 725 945 780 utatur.
991 722 1068 780 nihil
1091 726 1136 781 est

122 812 240 872 facilius
273 832 362 888 quam
393 813 425 870 in
458 812 619 888 quemlibet
650 811 800 871 adfectum
833 830 951 870 movere
982 812 1134 887 populum.

121 902 211 976 nulli,
243 920 310 960 cum
337 901 461 976 coimus,
494 919 549 960 sua
576 901 732 978 cogitatio,
759 919 812 960 sua
839 919 935 975 mens,
967 900 1031 958 ulla
1057 901 1135 959 ratio

122 993 240 1068 praesto
263 993 321 1065 est,
346 1009 399 1050 nec
421 990 512 1049 habet
534 991 598 1049 ulla
619 989 708 1049 turba
730 989 919 1066 prudentiam
942 989 1136 1066 singulorum,

122 1080 185 1139 sive
210 1079 288 1155 quod
310 1081 408 1138 minus
431 1079 565 1155 publicos
589 1078 723 1155 capimus
747 1078 876 1154 affectus,
900 1081 962 1138 sive
980 1079 1136 1156 neglegen-

80 1189 108 1229 1o
122 1169 183 1228 tior
205 1171 250 1228 est
273 1169 325 1243 qui
344 1187 375 1228 se
393 1187 453 1226 non
475 1171 564 1244 putat
582 1169 678 1227 solum
697 1167 802 1226 debere
819 1168 975 1242 rationem,
999 1169 1029 1226 et
1048 1168 1137 1225 multi

122 1257 233 1316 fiducia
259 1259 384 1317 facimus
412 1260 551 1316 omnium.
597 1275 687 1333 quam
714 1276 774 1316 non
800 1259 895 1333 possit
922 1256 1136 1332 rempublicam

122 1346 257 1422 turbare,
284 1346 476 1422 confundere,
504 1348 531 1405 si
553 1347 620 1422 quis
642 1349 764 1422 repente
790 1346 966 1421 proclamet:
994 1339 1138 1421 ‘prodidit

122 1454 175 1495 vos
194 1435 357 1512 imperator
374 1437 479 1510 vester,
503 1431 639 1509 addixit’,
663 1438 693 1493 et
712 1430 800 1492 ‘nunc
818 1435 870 1493 ille
888 1434 996 1493 liberos
1014 1430 1138 1493 habet'?

123 1525 149 1584 si
171 1525 352 1584 mehercules
375 1525 550 1601 posthanc,
574 1525 702 1598 inimice,
724 1542 827 1582 vocem
845 1523 959 1599 templa
976 1525 1136 1582 monstras·

80 1633 183 1689 reses,
210 1614 387 1691 sacrilegum
410 1614 550 1672 continuo
573 1613 729 1690 flagrasset
750 1613 932 1687 incendium,
961 1613 986 1670 si
1009 1611 1137 1671 convelli

123 1703 283 1762 simulacra
305 1703 462 1776 voluisses,
490 1703 608 1761 fecisset
635 1721 721 1761 omne
749 1701 784 1759 de
812 1701 982 1760 numinibus
1009 1703 1070 1760 suis
1092 1700 1136 1759 fa-

124 1791 206 1852 cinus
226 1790 358 1851 audacia.
394 1792 440 1852 vis
459 1792 542 1865 scire,
562 1794 648 1850 tuum
667 1809 737 1865 esse,
762 1790 903 1866 quicquid
922 1790 1027 1850 civitas
1046 1788 1137 1848 fecit?

122 1881 293 1959 gloriareris
315 1881 378 1954 illo,
401 1881 427 1940 si
450 1881 653 1959 prodidissem.

192 1969 258 2029 Non
281 1971 339 2045 est,
361 1969 482 2044 iudices,
506 1970 585 2045 quod
607 1987 660 2028 vos
684 1988 701 2026 a
725 1969 873 2046 gravitate
896 1968 1029 2028 iustitiae
1052 1967 1135 2027 dolor
1154 1965 1171 2019 8

80 2079 109 2119 ac
124 2059 248 2118 ultionis
267 2059 409 2134 abducat3
433 2059 512 2134 quod
534 2060 661 2118 mortem
680 2076 765 2118 suam
787 2058 924 2116 inimicus
948 2057 1042 2116 offert.
1078 2075 1137 2115 non

123 2150 202 2225 petit
223 2148 313 2223 illud,
340 2149 399 2207 nisi
422 2149 556 2223 quisquis
578 2149 643 2224 ipse
665 2166 724 2206 non
748 2146 836 2205 debet
861 2146 962 2205 occidi.
1008 2149 1137 2222 seposita

123 2238 218 2316 igitur
239 2238 392 2314 paulisper
409 2237 474 2314 lege
496 2238 556 2294 mei
577 2237 687 2296 doloris
704 2236 761 2295 hoc
778 2237 898 2294 tantum
916 2235 953 2295 ab
973 2234 1136 2294 adfectibus

123 2328 230 2386 vestris
259 2327 391 2386 omnium
417 2326 590 2385 mortalium
617 2325 736 2385 nomine
765 2327 847 2401 peto,
877 2344 914 2383 ne
944 2325 992 2382 cui
1021 2322 1138 2382 nocenti

123 2434 236 2492 poenae
259 2417 427 2492 praestetur
450 2415 614 2474 arbitrium.
656 2414 813 2489 infinitam,
834 2412 955 2488 iudices,
978 2412 1137 2471 sceleribus

80 2524 109 2566 ae
124 2505 247 2580 aperitis
266 2505 431 2578 audaciam,
455 2505 481 2563 si
499 2523 625 2580 poenam
643 2504 714 2563 licet
732 2503 840 2580 eligere
860 2502 1062 2576 condemnato,
1085 2520 1138 2559 nec

122 2594 184 2652 iam
212 2593 305 2652 ullam
332 2593 506 2652 mortalium
532 2594 733 2652 innocentiam
755 2591 955 2668 trepidatione
978 2591 1137 2666 contineas,

124 2684 151 2742 si
172 2683 288 2758 patitur
311 2682 508 2758 deprehensus
533 2681 656 2756 quisque
681 2680 759 2756 quod
782 2681 897 2738 maluit.
935 2680 1017 2738 levat
1038 2697 1137 2738 omnes

123 2770 280 2846 eruciatus,
304 2791 420 2831 omnem
444 2771 575 2830 dolorem
596 2773 777 2846 praeparata
799 2772 928 2828 mentem
949 2768 1137 2844 conposuisse

123 2861 279 2937 patientia.
324 2861 442 2919 fallitur
465 2860 599 2935 quisquis
626 2859 757 2917 humana
783 2860 933 2916 tormenta
956 2858 1019 2916 sola
1044 2857 1137 2915 nomi-

135 3158 138 3162 ,
196 3101 319 3155 rollum
339 3110 583 3170 om.o1,supr.m
654 3106 671 3154 4
691 3099 715 3152 si
733 3107 761 3153 B
819 3104 834 3151 6
853 3098 883 3151 in
902 3106 993 3153 coar
1052 3101 1067 3150 9
1086 3114 1138 3166 pu·

121 3173 212 3227 blieos
232 3175 272 3228 bic
290 3184 318 3227 Ρ
392 3172 518 3241 capimus
537 3184 618 3235 cmc
698 3175 730 3224 10
750 3169 840 3223 solum
858 3186 916 3223 non
935 3169 1035 3224 debere
1055 3177 1087 3221 Μ

122 3244 213 3299 multa
232 3254 264 3297 Μ
334 3250 365 3298 11
392 3260 476 3312 quam
495 3260 528 3296 ex
546 3258 630 3311 quem
648 3251 676 3294 B
747 3247 780 3294 12
805 3241 829 3293 si
848 3257 897 3295 om.
913 3251 937 3294 1
1006 3246 1039 3294 14
1059 3256 1137 3293 mon·

123 3319 227 3371 stresse
246 3326 291 3386 l’⁴
363 3321 395 3368 16
414 3315 548 3384 flagraret
567 3327 581 3378 e
672 3318 704 3366 16
724 3311 894 3398 simulachra
916 3322 938 3365 V
1022 3317 1056 3364 22
1075 3311 1138 3379 lege

123 3442 150 3496 ei
165 3451 197 3494 11
214 3442 239 3510 ζ’
255 3443 317 3511 er.);
341 3440 433 3510 legem
452 3439 479 3492 ei
498 3448 535 3504 Μ,
554 3455 622 3493 corr.
637 3459 668 3490 m
755 3402 826 3504 idriis
849 3447 870 3489 V
955 3441 989 3490 23
1012 3435 1137 3489 nomine:

121 3513 183 3567 iure
203 3522 242 3565 Μ4
312 3528 364 3566 nec
381 3509 524 3564 innocenti
544 3523 558 3574 e
648 3514 681 3561 25
706 3509 877 3578 condemptu
898 3519 919 3561 V
1006 3512 1040 3560 28
1058 3520 1137 3576 prac-

122 3585 252 3654 paratam
271 3592 330 3636 Bc!
398 3584 492 3636 mente
511 3594 525 3645 β
