2430 3952
388 163 620 218 DECLAMATIO
639 165 691 218 111¹>
704 170 783 219 μθ.
1051 165 1094 229 63

83 337 129 394 liis
152 337 229 394 enim
251 336 424 408 implioitnm
447 336 612 408 qnempiam
635 338 661 392 et
683 334 822 403 illectam,
844 336 872 392 si
894 336 959 407 pasis
981 351 1095 393 masen-

84 425 180 482 lormn
193 429 256 483 erat
273 425 496 491 concubitorum,
514 425 577 482 sine
595 424 774 482 crmctatime
791 424 936 497 salopisse
949 427 1094 496 potnerat.

83 514 166 572 miles
197 517 264 572 inas
295 530 355 571 non
385 514 500 571 mainil
529 515 652 571 meliori
683 513 865 580 maneribus,
897 529 957 570 non
987 514 1096 586 refnpit

84 603 207 661 emolliri
239 603 402 670 blanditiis,
438 619 498 660 non
533 602 661 674 disponit
691 601 909 660 remissionibus
940 601 1095 659 sablooori.

57 693 241 750 emeretricis
263 693 362 765 ntipne
383 693 533 750 caritatem
556 693 582 749 et
603 692 753 764 inpertiam
776 691 939 748 aemulatae
964 707 1038 763 qnae
1061 689 1096 748 li-

85 781 181 840 bcnter
199 784 225 840 et
242 781 398 839 adhaerere
416 780 554 838 dioitilns
577 783 603 838 et
626 798 645 838 a
661 779 845 853 paoperibus
863 780 933 838 solet
952 779 1096 837 recedere:

85 887 168 942 qnem
189 872 320 943 profecto
346 872 374 927 si
395 869 539 942 pedicam
565 871 654 928 nimis
676 868 901 941 praedicavere,
927 869 987 927 sioe
1014 869 1095 936 solis,

83 962 146 1031 ipse
172 976 217 1016 me
239 961 389 1017 mentitam
416 975 475 1017 csse
497 959 640 1029 confiteor.
686 961 813 1025 transeo,
836 954 1130 1030 implorarant

83 1064 238 1106 muneram
260 1049 448 1115 occationem,
472 1051 498 1106 ct
519 1047 657 1106 blandiris
675 1065 764 1120 paam
781 1047 920 1105 militaris
939 1045 1096 1118 disciplina

42 1153 70 1192 1o
78 1138 218 1209 postulet,
246 1137 400 1200 adalalnm
426 1137 514 1194 militi
540 1137 703 1204 tribnnnm,
730 1138 889 1208 imperatas
917 1136 1096 1208 asperrimas

85 1226 285 1299 expeditiones,
307 1229 340 1283 nt
362 1227 580 1284 remitterentur.
616 1227 661 1283 lis
683 1225 819 1284 indmctns
837 1225 919 1284 miles
937 1224 1096 1291 inlecebris,

85 1319 111 1373 et
133 1317 277 1374 anamiim
299 1331 370 1373 snae
391 1315 582 1373 roililominas
604 1315 779 1387 dloqaemns
801 1314 936 1386 deotpato
954 1313 1097 1386 qnamdin

84 1421 165 1476 spem
183 1404 364 1462 emolnnenti
385 1421 445 1462 non
462 1404 602 1475 perdidit,
625 1404 828 1476 appellationis
846 1403 960 1461 tamdia
977 1403 1022 1460 oel
1038 1419 1096 1474 pa-

85 1495 186 1551 tienter
207 1494 355 1560 sastinnit,
376 1493 422 1551 oel
439 1509 498 1550 non
515 1493 661 1560 mtdleait,
683 1495 758 1550 sicat
775 1494 920 1559 mentiar,
943 1492 1095 1550 iniuriam.

43 1597 70 1636 15
86 1586 113 1640 et
134 1582 198 1640 licet
215 1582 378 1654 appellatas
395 1598 455 1640 non
471 1583 569 1654 faerit,
592 1583 728 1640 obscenae
745 1586 841 1640 tannen
858 1582 1019 1652 patientiae
1036 1595 1097 1636 non

86 1671 201 1729 nnbait
227 1674 442 1745 arpnmentnm,
472 1675 498 1729 el
524 1671 659 1743 enplesset
685 1672 789 1740 forsan
815 1671 890 1728 oices
920 1670 1040 1736 omasi,
1069 1669 1097 1725 si

85 1761 263 1832 correptoris
280 1776 340 1817 non
359 1760 497 1832 defnisset
513 1762 655 1832 impletas.
691 1761 759 1818 lenio
777 1760 812 1818 de
830 1759 945 1816 ndrmo
963 1760 991 1815 si
1008 1757 1097 1828 fidem

85 1852 214 1921 oporteat
227 1849 367 1916 adhiberi,
381 1849 510 1906 Ronmnr'
523 1851 606 1924 maes,
621 1853 647 1908 et
660 1851 799 1908 edacitas
812 1848 917 1906 olderit
931 1848 1095 1904 nonensis.

151 1938 368 2006 Nootttamen,
390 1940 548 2010 imperator
569 1955 689 2006 samme,
711 1940 791 1995 norit
812 1938 995 1995 irreverentis
1017 1937 1096 2008 inpe-

43 2041 71 2080 no
85 2029 169 2085 niam
191 2028 333 2099 peroican
355 2029 479 2086 orntoris
506 2027 700 2099 defensionem
726 2044 813 2085 snam
840 2026 880 2084 ad
901 2026 1023 2098 plenam
1046 2024 1096 2082 ab·

84 2117 255 2174 solationem
277 2117 379 2175 millis
399 2118 448 2174 sni
470 2119 568 2174 nanas
590 2118 733 2189 safficore,
755 2117 874 2188 ideoqno
892 2115 1096 2186 confidentiam

84 2205 255 2263 simulatas:
280 2221 341 2262 non
357 2209 453 2278 potes,
480 2208 587 2278 inanit,
615 2207 740 2279 aspicere,
770 2204 829 2264 (lai
852 2205 951 2272 Mari,
975 2207 1010 2261 nt
1030 2220 1096 2262 enm

85 2295 157 2367 laeti
178 2296 227 2352 sni
243 2296 409 2366 paeniteat·
436 2297 488 2352 ant
510 2296 587 2353 enim
610 2298 644 2352 nt
668 2297 847 2353 innocentem
875 2293 1016 2360 absolone,
1044 2295 1097 2349 ant

80 2386 189 2456 punies
211 2387 352 2456 tonpnorm
373 2385 478 2441 oirnm
514 2399 606 2456 porro
629 2385 656 2442 si
679 2386 743 2456 qais
766 2383 877 2442 absolvi
899 2385 1022 2455 praerat
1041 2383 1096 2439 ira*

44 2484 71 2524 2⁵
80 2474 247 2544 poenitens,
275 2474 302 2530 si
328 2474 393 2545 aris
420 2476 510 2546 repet,
541 2472 612 2544 qnid
639 2489 704 2530 emn
731 2472 815 2532 alind
841 2474 938 2544 facere
964 2471 1096 2542 fatearis,

86 2578 174 2633 qnam
191 2563 350 2620 conviciari
362 2561 528 2620 radiatas?
563 2563 607 2620 ita
621 2563 726 2634 qnippe
739 2563 882 2619 iristitiam
895 2558 1097 2618 misericordia

85 2650 253 2709 moderator
267 2653 293 2709 et
305 2653 450 2722 temperat,
469 2654 502 2708 at
518 2652 749 2723 impoenitentem
767 2652 847 2724 ripor
859 2666 919 2707 non
931 2650 1096 2720 praetereat

157 2854 318 2908 lillectum
336 2871 385 2909 om.
402 2861 435 2907 N
508 2854 650 2908 {limitari
667 2855 708 2909 cel
725 2853 828 2906 mutari
847 2862 888 2920 M3
907 2851 1014 2906 imitari
1032 2858 1065 2904 N

86 2933 101 2980 6
117 2942 197 2980 eone.
209 2932 243 2978 N
287 2931 303 2978 9
322 2927 496 2980 vocationem
510 2925 626 2980 codices.-
639 2941 749 2980 eornm
798 2930 830 2977 10
849 2923 1018 2993 postulasset
1032 2929 1065 2975 N

86 3015 244 3068 adulatum:
264 3003 334 3068 adut
352 3022 386 3068 N
452 3015 604 3083 imperatas
627 3015 659 3066 in
677 3015 778 3068 lacmm
796 3018 815 3068 8
833 3015 874 3068 oel
892 3017 910 3066 9
929 3014 979 3066 litt.
1000 3029 1049 3066 orn.
1066 3020 1098 3063 Μ

86 3093 118 3139 11
139 3086 346 3155 expedictiones
365 3095 398 3139 M
467 3091 499 3138 12
517 3085 590 3138 nihil
608 3085 728 3138 hominis
749 3096 770 3137 θ
842 3083 973 3152 decipula
992 3091 1033 3136 M:
1060 3083 1095 3135 de

86 3157 236 3227 disciplina
250 3165 291 3224 N;
310 3158 345 3210 de
364 3157 504 3225 discipula
525 3167 546 3209 ο
604 3162 635 3209 13
655 3172 744 3224 spem:
765 3156 857 3225 specie
878 3165 899 3208 θ
954 3161 987 3208 14
1005 3154 1094 3207 mitti-

85 3266 132 3316 tur
154 3273 219 3330 M03
245 3264 371 3318 miotitur
394 3271 435 3330 N;
460 3263 595 3316 mentitur
616 3263 747 3317 editiones
820 3267 852 3316 15
876 3227 975 3316 ol'cene
994 3271 1027 3314 N

85 3336 192 3388 tamen:
216 3352 279 3389 oum
298 3343 332 3388 N
399 3341 431 3388 16
454 3334 573 3388 forsitan
592 3340 626 3387 N
702 3339 734 3386 17
757 3334 878 3403 impetus
898 3341 931 3386 N
1008 3337 1040 3386 18
1064 3332 1093 3400 ip

87 3407 160 3458 cives
181 3417 202 3458 o
220 3407 280 3475 (dcl.
295 3422 367 3460 man.
382 3409 412 3477 2)
495 3411 527 3458 19
546 3405 624 3459 novit
641 3405 822 3460 irreverentes
842 3415 882 3458 11:
907 3421 1008 3458 novum
1027 3403 1096 3458 irre·

85 3477 206 3531 verentis
225 3484 276 3530 No
348 3483 382 3531 20
404 3477 537 3547 peruicax
556 3484 589 3530 N
656 3482 689 3529 23
713 3476 841 3530 absolvas
860 3483 903 3543 N;
921 3491 981 3528 -eas
1002 3485 1024 3528 ο

86 3554 120 3601 24
139 3548 240 3602 virum:
259 3565 337 3602 reum
355 3570 386 3601 m
