2430 3952
140 194 205 258 282
529 192 604 248 ODII
621 191 728 248 POTIO
747 192 774 246 II

141 363 223 423 cuius
242 362 388 439 perhanc
407 365 592 441 expugnatus
612 360 748 423 animus?
781 363 846 438 quis
866 363 1001 439 queritur
1018 362 1162 424 iuvenis?

141 453 207 528 quis
235 449 342 511 senex?
374 451 440 529 quis
467 449 570 511 dives?
603 454 669 527 quis
692 471 806 528 pauper
834 449 931 512 alius?
975 451 1008 510 in
1031 454 1064 512 te
1087 472 1161 532 ergo

141 542 203 601 solo
231 540 373 615 venefica,
404 543 436 599 in
464 544 494 600 te
525 537 645 600 tautum
677 540 760 600 aliud
791 542 851 600 ista
883 560 973 616 quam
1004 542 1159 601 meretrix.

139 631 231 689 vultis
254 629 460 708 integritatem
482 630 598 706 puellae
622 629 754 689 breviter
776 627 920 706 probem?
963 629 1042 689 hauc
1067 649 1160 706 quarn

138 739 217 779 nunc
242 738 358 795 pauper
384 719 558 793 detestatur,
592 722 724 792 accusat,
757 737 857 778 amare
887 719 999 778 mallet.
1048 719 1160 794 omnia,
1185 739 1196 780 ⁵

138 809 259 882 iudices,
282 808 424 882 facinora,
447 809 479 866 ni
502 808 599 882 fallor,
623 826 726 868 causas
745 807 794 866 vel
813 807 848 866 de
867 806 1034 883 cupiditate
1053 809 1161 869 valde

139 897 341 958 simultatibus
363 898 494 956 trahunt.
542 896 622 971 quod
645 896 746 956 odium
769 895 805 956 de
828 897 961 955 amatore
984 896 1160 958 meretrici?

140 1006 215 1063 quae
237 985 350 1062 praeda
372 984 408 1043 de
431 983 583 1062 paupere?

206 1069 348 1144 ‘Odium’,
380 1076 491 1150 inquit,
515 1068 648 1151 ‘accepi'
695 1074 813 1150 ecquid,
845 1074 970 1148 iudices,
1003 1077 1080 1133 satis
1111 1094 1160 1135 me

139 1167 242 1223 contra
272 1164 430 1222 infamiam
461 1163 567 1222 veneni
598 1164 647 1222 vel
678 1164 774 1222 solum
806 1163 1014 1222 medicamenti
1047 1184 1160 1224 nomen
1173 1185 1195 1224 ro

138 1249 325 1312 absolveret?
369 1272 423 1312 nec
455 1252 588 1326 invenio,
621 1270 674 1311 cur
703 1251 809 1311 debeat
839 1251 920 1311 idem
946 1251 1043 1310 videri
1075 1253 1160 1329 quod

139 1360 199 1400 non
221 1343 320 1417 potest
341 1341 421 1400 idem
444 1342 552 1400 vocari.
600 1340 739 1418 agedum,
762 1340 891 1416 iuvenis,
918 1341 1050 1416 potionis
1074 1341 1159 1418 inple

138 1430 225 1489 huius
252 1429 473 1489 inmanitatem:
502 1430 562 1489 dic:
588 1424 701 1488 ‘odium
729 1429 830 1505 accepi
857 1433 960 1488 contra
988 1431 1159 1509 coniugem,

139 1522 241 1579 contra
268 1519 376 1578 liberos
403 1536 498 1594 meos,
525 1522 559 1578 ut
583 1538 601 1577 a
623 1511 714 1579 sacris
743 1536 884 1578 evocarer
911 1517 1094 1596 adfectibus,
1124 1525 1159 1580 ut

137 1608 264 1687 pignora
286 1611 390 1668 sancta
413 1603 612 1684 despicerem?
654 1607 731 1666 illud
753 1608 855 1667 odium
877 1608 909 1665 in
932 1610 1088 1668 meretrice
1112 1610 1157 1668 fa·
1171 1629 1194 1670 u

138 1699 221 1757 ciuus
245 1700 290 1757 est
313 1716 371 1772 quo
394 1699 491 1756 utitur
512 1698 544 1754 in
567 1697 614 1757 sui
637 1697 801 1757 caritatem.
838 1697 883 1755 ita
906 1697 953 1755 vel
975 1695 1032 1755 hoc
1058 1697 1159 1757 solum

138 1787 248 1847 sufficit
270 1786 452 1846 excusationi
475 1785 555 1862 quod
577 1786 632 1844 illa
654 1788 758 1845 contra
781 1804 811 1845 se
834 1787 953 1844 tantum
976 1784 1069 1844 dedit.
1140 1817 1142 1821 ,

104 1875 118 1929 l
207 1870 349 1949 ‘Odium’,
369 1876 477 1951 inquit,
497 1870 628 1951 ‘accepi'
666 1893 744 1933 nuuc
762 1877 792 1932 te
810 1873 858 1933 hic
876 1891 1008 1951 reposco,
1025 1874 1158 1953 iuvenis,

138 1964 283 2024 invidiam
302 1983 393 2040 quam
416 1964 554 2023 fortunae
577 1967 696 2024 nostrae
718 1964 809 2039 paulo
829 1965 898 2021 ante
916 1962 1055 2022 faciebas.
1094 1963 1158 2025 dic:

138 2048 290 2112 ‘meretrix
317 2052 412 2126 dedit,
440 2053 602 2129 prostituta
629 2047 781 2128 porrexit'
828 2071 844 2111 o
869 2071 960 2127 quam
984 2053 1158 2130 timueram,
1171 2073 1195 2114 ao

138 2161 174 2200 ue
193 2142 317 2201 diceres:
341 2137 533 2201 ‘amatorium
551 2136 620 2201 sui.'·
655 2160 797 2218 consurge
819 2141 954 2219 agedum,
972 2141 1101 2217 iuvenis,
1127 2147 1159 2203 et

137 2231 209 2290 totis
229 2232 359 2307 corporis
383 2231 532 2306 animique
551 2230 664 2290 viribus
682 2231 763 2306 inple
783 2234 936 2306 susceptae
955 2231 1157 2292 accusationis

136 2321 295 2380 horrorem.
349 2323 393 2380 est
425 2320 505 2396 quod
537 2318 675 2378 audiente
712 2322 778 2379 tota
815 2319 937 2379 civitate
973 2320 1158 2396 proclamas:

138 2405 329 2469 ‘miseremini
351 2411 423 2484 mei,
448 2409 601 2483 adiuvate,
624 2408 793 2482 succurrite,
818 2408 881 2467 bibi
904 2407 1158 2469 medicamentum

138 2499 263 2572 crudele,
287 2517 417 2572 saevum,
441 2498 515 2556 desii
537 2516 652 2574 pauper
675 2517 775 2558 amare
798 2499 991 2557 meretricem.
1028 2497 1157 2558 iamiam
1171 2519 1194 2559 aa

136 2608 195 2648 uon
222 2587 364 2664 inquietis
394 2587 529 2647 noctibus
557 2605 651 2664 vagus
678 2578 818 2646 vilissimi
848 2587 989 2662 cuiusque
1018 2587 1156 2662 perditos

136 2680 235 2753 patior
257 2679 343 2751 ictus,
366 2695 419 2735 uec
443 2677 576 2735 exclusus
596 2678 665 2734 ante
687 2677 878 2752 lupanarium
901 2677 978 2734 fores
998 2677 1157 2749 posterum

207 2870 222 2916 2
247 2863 296 2933 qui
315 2864 392 2917 dives
410 2874 438 2916 Β
509 2862 558 2933 qui
580 2879 689 2933 pauper
707 2872 758 2916 BV
845 2868 860 2915 3
883 2861 1018 2917 veneficia
1035 2871 1075 2928 ⁸3
1098 2865 1157 2919 -un

141 2979 190 3023 VM
253 2970 325 3024 alius
343 2980 402 3024 ΒΒ
472 2970 671 3040 lbrerelviter
688 2978 726 3035 Β;
746 2952 797 3023 ber
814 2955 857 3024 uit
875 2980 896 3023 V
964 2970 1110 3024 testatur
1131 2981 1160 3025 P

137 3041 231 3095 dnisi
254 3051 307 3106 Vae
393 3041 423 3095 ni
443 3040 527 3095 fallor
545 3041 671 3096 facinora
689 3039 736 3095 sed
754 3046 858 3110 consp.
875 3050 906 3094 Β
975 3039 1108 3109 puditate
1129 3052 1159 3096 Β

139 3113 376 3237 ramulosi}¹¹⁸n
427 3171 548 3235 equae:
563 3181 618 3234 quo
633 3174 666 3218 Β
717 3163 916 3231 9etquid13v
968 3171 1000 3218 12
1019 3165 1156 3235 imple-e:

137 3235 224 3304 impie
242 3258 264 3288 ω
329 3243 361 3290 13
381 3237 472 3306 accipi
491 3246 519 3290 Β
574 3241 607 3289 14
625 3234 782 3289 adfertibue
800 3244 828 3286 Β
892 3241 924 3289 15
942 3236 1157 3304 meretriceme

139 3313 172 3360 16
196 3308 271 3377 quod
290 3317 367 3362 mr
437 3314 470 3363 18
489 3309 530 3362 ibi
544 3317 587 3374 Μ,
605 3306 652 3359 hic
667 3321 788 3373 sarpam
861 3312 893 3360 21
914 3308 1035 3362 atorium
1054 3317 1084 3361 Β

138 3379 182 3431 sui
201 3391 228 3432 s:
248 3378 303 3435 sibi
321 3401 343 3433 ω
416 3386 449 3433 22
469 3379 626 3447 animisque
645 3384 673 3428 Β
749 3381 783 3428 24
802 3375 867 3430 bibe
886 3388 913 3431 Β
993 3384 1027 3431 26
1046 3380 1157 3449 quietis

138 3512 176 3570 Β,
194 3507 300 3629 ῖῆωμ.
317 3526 348 3557 m
438 3486 570 3558 nofitibus
588 3510 616 3554 Β
704 3504 737 3551 27
761 3462 902 3568 lupaarpum
920 3513 958 3569 Β;
982 3502 1158 3571 lupanarum

138 3591 192 3630 eac.
245 3592 288 3630 oo.

622 3672 756 3724 A
