2430 3952
432 210 666 266 DECLAMATIO
685 209 749 264 XIX
763 216 841 265 4-6.
1079 210 1142 275 341

132 379 211 454 quod
243 378 299 438 sibi
326 380 466 439 videntur
498 380 586 439 aliter
618 399 677 438 non
708 398 794 454 posse
825 379 966 438 misereri.
1012 399 1072 438 non
1100 382 1145 439 est

132 468 212 543 quod
234 487 287 527 vos
311 468 348 527 ab
373 469 579 528 aestimatione
601 469 746 528 malorum
771 487 905 526 meorum
922 469 1041 528 mollior
1060 487 1145 528 sexus

132 557 269 616 abducat.
315 559 437 617 maioris
461 559 594 617 adfectus
618 560 671 632 est,
696 558 791 615 filium
815 557 945 617 occidere
969 576 1059 633 quam
1080 559 1145 617 vin·

132 646 239 706 dicare.
276 647 376 706 desine
394 648 488 726 igitur
505 667 561 722 me,
580 647 696 721 mulier,
714 647 844 724 fatigare
862 647 1145 724 interrogationibus

106 736 202 794 otuis.
239 737 284 794 ita
307 736 364 795 tibi
386 756 446 794 non
468 737 587 796 videtur
610 736 709 795 omnia
731 736 908 810 respondere
930 753 986 810 pro
1008 735 1070 794 filio
1095 736 1146 811 qui

133 824 219 884 dicit:
248 819 384 883 ‘occidit'
431 828 461 884 ct
483 826 555 885 licet
578 825 811 900 comprimantur
834 825 1070 899 exclamationes,
1094 843 1145 882 ora

133 914 317 988 claudantur,
346 914 421 972 nihil
448 917 539 992 negat
563 915 615 989 qui
637 915 693 974 hoc
720 915 840 972 fatetur.
887 914 993 988 atquin
1019 931 1146 972 summo-

131 1022 199 1060 rum
222 1002 388 1062 facinorum
404 1002 472 1079 ipsa
490 1003 650 1062 inmanitas
668 1004 838 1063 innocentia
857 1007 908 1062 cst.
945 1003 1043 1061 filium
1060 1005 1147 1078 pater

132 1111 192 1150 non
216 1090 349 1167 demens,
377 1112 437 1151 non
464 1093 586 1151 insanus
614 1093 716 1152 occidi.
762 1092 911 1151 hominem
937 1094 1021 1151 extra
1045 1109 1147 1150 sensus

92 1199 119 1239 ro
133 1181 325 1256 adfectusque
342 1183 475 1256 positum
490 1184 624 1257 quisquis
642 1200 720 1241 nunc
734 1183 899 1256 miseretur,
914 1181 1029 1240 occidit.
1062 1181 1145 1239 vides
1163 1197 1182 1252 (ς

133 1287 232 1328 senem
246 1273 390 1347 sanguine
409 1290 462 1330 suo
480 1271 621 1329 fluentem
638 1271 777 1330 laceratis
796 1272 965 1345 exustisque
983 1271 1045 1329 illis
1064 1288 1146 1329 sanc-

131 1359 258 1418 tioribus
282 1358 503 1435 carioribusque
524 1358 685 1420 uisceribus
708 1378 796 1434 super
820 1359 962 1418 exanimis
985 1360 1066 1418 unici
1085 1377 1146 1417 cor-

132 1466 190 1522 pus
223 1450 351 1508 cruentis
384 1449 520 1508 manibus
552 1446 719 1507 iacentem?
765 1448 803 1506 ad
835 1448 982 1522 quaedam
1013 1449 1147 1507 facinora

133 1535 245 1595 sufficit
267 1537 403 1596 claudere
427 1538 540 1612 oculos,
563 1538 665 1596 vultus
688 1539 834 1612 avertere,
857 1539 968 1612 tacere,
991 1537 1095 1595 mirari
1118 1540 1148 1596 et

93 1643 119 1684 15
132 1624 314 1684 incredibilis
338 1627 524 1686 calamitates
546 1627 713 1702 relinquere
737 1628 798 1685 suis
822 1627 925 1685 causis.
971 1626 1076 1685 horreo
1101 1645 1148 1684 ea-

134 1714 226 1773 111111
255 1718 285 1773 ct
312 1717 395 1774 velut
425 1734 549 1792 corpora
578 1735 653 1791 quae
684 1714 818 1774 caelestis
848 1716 1031 1774 exanimavit
1059 1717 1147 1792 ignis,

134 1803 216 1861 adire
239 1805 361 1879 propius
384 1806 484 1864 timeo.

200 1893 348 1968 Miserere,
371 1893 499 1969 nequid
523 1894 651 1970 amplius
671 1912 806 1969 quaeras,
829 1913 866 1952 ne
885 1893 956 1968 quid
974 1895 1146 1970 interroges.

133 1981 282 2039 dicturum
305 2003 352 2041 me
374 1985 477 2058 putas:
507 1979 605 2059 ‘parce
633 1983 765 2057 saeculo,
794 2001 883 2058 paroc
909 1984 1032 2056 marito,
1060 2000 1148 2057 parce

92 2090 119 2130 so
132 2067 247 2146 patri'?
282 2073 317 2130 tu
335 2091 405 2130 vcro
424 2091 511 2148 paroc
529 2073 576 2131 illi
595 2073 647 2148 qui
666 2074 777 2131 occisus
797 2072 849 2130 est.
886 2090 1005 2146 novum,
1027 2071 1148 2145 indicae,

133 2163 232 2219 uxoris
259 2163 292 2242 iu
318 2163 428 2220 marito
460 2164 571 2220 crimen
599 2161 708 2220 audite.
755 2161 907 2220 silentium
934 2163 992 2234 est,
1025 2159 1060 2218 de
1089 2178 1147 2235 quo

134 2251 294 2324 quaeritur.
339 2250 454 2310 solebat
475 2251 643 2329 indignatio
666 2253 766 2310 vestra
790 2252 923 2309 convicia
945 2253 1048 2308 nostra
1071 2250 1147 2307 ferre

133 2357 193 2396 non
216 2356 310 2413 posse,
334 2341 364 2398 et
386 2340 561 2400 matronalis
584 2339 752 2417 indignatio
775 2339 872 2398 dicere
895 2338 1065 2399 uidebatur:
1088 2357 1148 2396 non

133 2429 231 2501 parcis
255 2446 325 2504 erga
348 2447 408 2502 me,
433 2432 553 2504 marite,
576 2428 687 2503 verbis,
711 2430 826 2487 nullam
848 2428 939 2486 habet
961 2429 1056 2486 nostri
1079 2429 1148 2484 tuus

93 2535 120 2576 re
135 2533 231 2574 sermo
258 2519 468 2592 reverentiam,
496 2519 585 2577 facilc
611 2520 779 2593 prorumpis
803 2519 835 2576 in
858 2517 1032 2592 opprobria,
1060 2516 1148 2573 facile

135 2603 214 2678 quod
233 2603 307 2662 libet
326 2605 426 2680 obicis,
450 2607 605 2681 exclamas,
629 2609 659 2665 et
678 2606 747 2665 dum
766 2608 892 2664 nimium
914 2604 1048 2664 libertati
1066 2605 1148 2673 vocis

133 2692 285 2769 indulges,
313 2696 412 2768 potest
434 2696 562 2771 populus
586 2697 717 2772 aliquem
740 2696 775 2753 de
799 2714 845 2754 me
871 2694 968 2752 facere
990 2712 1147 2752 rumorem.

134 2785 181 2856 tu,
209 2783 325 2856 mulier,
354 2783 445 2842 obicis
472 2785 548 2842 mihi
574 2804 637 2842 rem
665 2804 740 2861 quae
768 2783 845 2842 nulli
871 2802 1004 2858 unquam
1032 2783 1149 2840 crimini

133 2872 201 2946 fuit,
225 2872 319 2930 sclam
342 2872 373 2929 in
396 2874 505 2932 uostris
528 2873 659 2932 moribus
682 2873 883 2932 innocentiam
901 2891 972 2930 voce
992 2870 1148 2946 reprehen-

223 3066 304 3113 4mc
322 3077 372 3115 om.
396 3070 418 3112 V
487 3066 520 3113 10
539 3059 688 3114 miseratur
707 3073 743 3125 sc
815 3060 912 3114 videns
932 3069 961 3112 Ρ
1031 3064 1148 3112 111111-

136 3165 230 3234 tisque
240 3166 427 3221 sanctioribus
441 3177 463 3219 v
514 3173 547 3221 12
562 3149 680 3222 einimis
690 3176 718 3220 B
771 3172 804 3219 13
815 3166 852 3220 ad
862 3166 1001 3235 quaedam
1011 3163 1148 3218 -causis

131 3272 693 3343 11111111111111711111;111111.8111.
771 3273 912 3342 quendam
929 3283 951 3325 v
1020 3277 1052 3325 14
1071 3254 1147 3325 dltus

133 3353 163 3397 Β
229 3344 423 3400 adverteres!
490 3351 526 3429 15
545 3345 725 3400 incredibiles
744 3355 810 3409 Meo
884 3344 975 3398 causis
994 3360 1044 3398 our.
1064 3353 1097 3410 Ρ,
1117 3346 1148 3397 iu

133 3467 219 3522 11119.
230 3451 325 3515 addo
380 3458 412 3506 17
422 3436 527 3523 prop¹us
540 3463 562 3505 v
603 3457 636 3505 22
648 3452 776 3522 dignatio
784 3452 843 3507 Scb.
891 3456 923 3504 25
934 3449 1151 3520 obproprium!

134 3527 168 3575 27
186 3524 252 3592 post
273 3531 296 3574 r
345 3527 599 3594 1811111111.
619 3533 640 3576 v
690 3529 724 3576 29
743 3523 798 3577 fuit
816 3522 969 3592 humquam
984 3521 1072 3575 solam
1097 3530 1115 3573 V

133 3592 263 3651 solaSola
316 3593 480 3661 1111111111.
490 3605 524 3664 P,
533 3611 640 3665 supap
692 3604 918 3650 voceexvocaB
967 3605 1151 3661 repressame
