2430 3952
141 183 203 247 198
407 180 624 236 SEPVLGRVM
641 181 884 236 INOANTATVM

139 353 254 430 gemitu
277 350 443 426 orbitatem,
465 350 614 426 permitte,
637 350 779 426 quamdiu
801 350 884 424 velit,
906 349 983 408 dere.
1026 350 1078 409 odi
1102 369 1157 428 pa·

138 443 214 499 trem
238 442 380 516 quicum
406 439 502 498 filium
529 443 560 498 et
585 439 649 516 ipse
676 439 851 515 perdiderit,
878 440 967 514 putat
993 439 1086 498 nimis
1110 441 1157 499 lu·

139 548 207 607 gere
229 531 364 588 matrem.

87 619 123 673 ll
207 617 285 688 Quid
308 637 377 696 ergo
401 618 543 694 queritur,
566 614 684 692 inquit?
720 617 775 676 hoc
797 618 940 692 primum:
963 615 1060 675 filium
1081 634 1158 692 quo-

139 707 226 766 modo
250 707 345 782 debes,
369 708 517 781 scelerate,
541 703 710 766 desideras?
746 725 855 783 magno
878 707 977 764 animo
999 707 1091 765 orbus
1115 725 1157 782 es,
1182 726 1194 768 c

138 795 268 872 loqueris
295 797 388 854 fuisse
417 796 574 855 mortalem
602 798 632 854 et
658 796 863 870 interpretaris
894 794 970 852 nihil
998 813 1158 871 superesse

138 887 207 960 post
229 885 373 944 flammae.
417 885 470 943 flet
491 887 575 942 iuxta
597 885 676 943 latus
700 886 731 943 et
752 884 871 960 plangit
893 903 977 957 uxor,
1000 887 1036 942 tu
1059 885 1157 944 siccos

140 975 240 1033 oculos
264 973 363 1032 habes.
399 974 454 1032 illa
473 975 546 1033 totis
564 972 700 1032 noctibus
719 972 856 1032 funebres
875 978 990 1030 exercet
1007 973 1158 1049 ululatus,

138 1065 173 1121 tu
200 1081 305 1140 graves
333 1081 450 1122 somnos
478 1081 512 1120 ao
538 1062 688 1139 placidam
720 1061 857 1137 quietem.
904 1063 989 1138 pater
1016 1061 1158 1138 crudelis,

139 1155 225 1227 pater
247 1152 410 1226 immemor,
433 1151 569 1227 quidvis
591 1151 649 1209 tibi
672 1151 800 1227 amplius
819 1147 1001 1209 obiciemus?
1037 1169 1073 1209 ex
1094 1171 1157 1227 quo
1172 1172 1196 1212 ro

139 1240 296 1315 perdidisti
313 1239 416 1315 filium,
430 1260 584 1316 nunquam
602 1241 644 1299 sic
658 1239 841 1314 desiderasti,
856 1242 889 1297 ut
903 1239 1025 1298 videres.
1056 1238 1158 1314 quid?

140 1329 220 1405 quod
238 1329 372 1404 eripuisti
390 1329 485 1406 matri
495 1330 647 1404 solacium,
660 1331 734 1403 puta
748 1347 858 1387 vanum
872 1331 902 1386 et
915 1327 1157 1403 supervacuum?

139 1418 218 1493 nolo,
240 1418 361 1494 iudices,
384 1420 453 1478 nolo
477 1420 634 1495 corripias,
657 1417 746 1477 scires
770 1420 916 1492 quantum
938 1419 1016 1476 esset
1038 1417 1105 1493 hoc,
1130 1418 1157 1478 si

139 1507 315 1566 tantundem
338 1508 459 1567 doleres.
495 1525 541 1566 res
563 1507 715 1585 indignior
737 1525 797 1564 non
820 1508 866 1564 est
886 1526 975 1581 quam
994 1505 1074 1581 quod
1096 1507 1158 1566 tibi

140 1597 175 1655 de
195 1615 228 1655 eo
251 1598 387 1672 postulas
406 1596 483 1656 credi
504 1595 583 1673 quod
595 1605 660 1655 non
679 1595 790 1655 vidisti.
826 1594 948 1673 indulge
968 1612 1037 1654 sane
1055 1613 1156 1656 vanae
1172 1616 1198 1658 rs

140 1686 195 1760 rei,
224 1687 356 1763 ignosce:
379 1686 507 1744 libenter
529 1705 560 1746 se
583 1685 694 1744 orbitas
718 1683 838 1758 decipit.
883 1702 1007 1760 magnas
1031 1684 1157 1744 calami·

139 1777 217 1833 tates
244 1793 323 1833 vana
349 1776 427 1834 ratio
455 1776 604 1834 sustentat
632 1773 711 1850 quod
739 1773 896 1850 indulgent
923 1773 1003 1831 mala
1032 1791 1157 1847 persua-

140 1863 271 1922 sionibus
295 1863 364 1922 suis.
402 1863 541 1939 quicquid
564 1861 602 1921 ad
624 1863 746 1921 miseros
769 1864 908 1938 pertinet,
931 1861 1078 1920 crudelius
1099 1862 1157 1921 eri-

139 1954 224 2027 pitur
247 1971 305 2027 quo
323 1953 421 2011 minus
440 1955 493 2011 est.
530 1953 640 2011 clamat
657 1953 768 2028 itaque,
792 1951 902 2009 clamat
919 1954 1016 2009 mater
1035 1951 1157 2011 infelix:

140 2040 167 2099 si
189 2041 263 2099 mihi
291 2043 423 2116 aliquam
449 2043 610 2118 imaginem
636 2040 691 2098 filii
714 2040 773 2098 mei
795 2041 843 2098 vel
870 2040 990 2115 parvuli
1016 2041 1065 2098 vel
1092 2041 1157 2100 iam
1172 2061 1199 2102 ao

142 2129 236 2188 adulti
264 2131 312 2188 vel
343 2131 535 2189 novissimam
563 2131 678 2189 iuvenis
710 2129 853 2204 auferres,
886 2129 1025 2187 inicerem
1052 2131 1159 2189 tamen

141 2221 248 2277 misera
271 2222 426 2294 tamquam
444 2221 560 2295 corpori
578 2239 708 2293 manum,
731 2218 815 2276 illam
834 2217 1060 2276 similitudinem
1080 2218 1158 2279 flens

141 2310 285 2381 tenerem,
313 2309 382 2368 illos
405 2309 518 2382 oculos,
545 2309 630 2367 illam
653 2308 855 2386 gratissimam
878 2307 985 2366 faciem
1008 2309 1038 2365 et
1060 2309 1158 2368 rietus

142 2397 201 2456 oris
229 2416 379 2473 expressos
407 2401 437 2457 et
464 2397 654 2456 adumbratos
682 2395 804 2456 artificis
831 2415 922 2454 manu
946 2397 1056 2454 vultus.
1103 2398 1159 2457 sed

142 2484 227 2544 illum
245 2487 370 2562 perdidi,
388 2487 465 2545 unde
484 2488 592 2564 imago,
615 2485 694 2545 unde
712 2485 886 2559 similitudo,
904 2485 982 2544 unde
1000 2484 1156 2546 solacium.
1171 2507 1198 2548 aa

91 2575 127 2630 12
208 2575 275 2650 Fili,
297 2576 366 2651 plus
388 2576 475 2635 hodie
496 2576 582 2635 amisi
606 2595 695 2650 quam
714 2593 780 2632 cum
799 2575 895 2633 elatus
915 2593 952 2633 es.
989 2576 1058 2649 post
1076 2593 1158 2634 mor·

140 2667 202 2722 tem
224 2668 255 2724 te
277 2668 361 2724 tuam
384 2665 455 2724 vidi.
501 2666 526 2723 si
548 2664 728 2724 mehercules
756 2667 842 2722 notas
866 2664 897 2720 in
925 2682 1045 2739 corpore
1073 2665 1158 2723 unici

143 2756 239 2812 vestes
258 2754 431 2813 subtrahere
449 2757 619 2831 temptares,
633 2753 773 2812 dicerem:
797 2771 932 2812 succurre
951 2753 1059 2810 solacio
1078 2773 1157 2814 meo.

143 2842 216 2902 haec
239 2844 338 2902 omnia
361 2844 441 2919 apud
463 2863 510 2902 me
533 2842 589 2901 filii
612 2844 671 2900 mei
692 2842 825 2901 membra
848 2844 930 2900 sunt:
959 2860 1013 2918 ego
1039 2842 1157 2901 oscula-

215 3067 365 3121 lorbitati
380 3081 415 3132 cc
467 3067 568 3120 oditB
620 3067 729 3135 patrem
743 3074 781 3132 Β,
799 3065 849 3118 del.
864 3070 889 3118 et
902 3065 1020 3118 matrem
1033 3081 1109 3132 supr.
1124 3087 1158 3118 m

147 3154 298 3227 usitosn
373 3175 536 3237 emeca
613 3177 869 3226 remaneamus
944 3176 975 3224 17
995 3185 1078 3224 vana:
1097 3188 1158 3226 una

147 3244 208 3298 Obr,
289 3250 322 3297 21
343 3244 454 3299 adhulti
476 3254 498 3297 V
574 3249 607 3296 22
626 3246 762 3311 tauquam
777 3258 828 3309 per
845 3257 899 3294 ros.
915 3258 948 3294 eae
966 3243 1111 3310 tamquam
1130 3253 1160 3296 Β

144 3320 178 3368 24
197 3331 325 3384 expresso
345 3330 359 3381 β
413 3316 527 3370 artificis
545 3315 654 3381 umbra,
672 3313 718 3368 sed
735 3311 835 3365 umbra
853 3311 902 3365 dcl.
918 3321 946 3364 Β
1005 3317 1038 3365 26
1057 3312 1157 3369 hodie:

145 3385 239 3440 odiet
261 3397 282 3440 v
350 3393 383 3440 2'1
402 3389 431 3442 te
450 3405 500 3442 orn.
515 3396 543 3439 Β
603 3387 683 3439 tuam
700 3386 738 3451 te,
756 3383 803 3438 sed
820 3388 924 3451 bansp.
944 3393 965 3434 r
1014 3400 1058 3436 me
1077 3400 1159 3440 encu-

144 3492 185 3619 1209s
203 3495 276 3619 B,bh
294 3505 402 3564 samo
473 3495 555 3548 notas
573 3490 700 3546 hercules
718 3489 748 3543 in
766 3498 794 3541 B
870 3493 904 3542 28
923 3456 1058 3543 succurrd
1073 3500 1105 3544 n

198 3583 245 3619 um
266 3581 298 3619 ΓΒ
320 3576 342 3618 V
