2430 3952
149 192 191 257 88
477 192 601 247 nudula
618 193 837 249 REDEMPTVS

147 360 290 437 fugientis
313 362 430 420 animae
448 361 540 436 dolor,
563 381 621 437 quo
640 362 729 422 eadat
750 365 898 422 extructus
920 381 1021 424 muero
1041 365 1165 424 vineari-

148 449 217 524 buS,
246 451 277 507 in
305 468 392 524 quem
424 469 455 509 se
487 450 660 511 collabentis
693 453 822 527 corporis
854 453 941 510 ruina
972 454 1164 529 praecipitet.

148 537 239 597 uultis
262 541 336 597 seire
360 543 505 614 quantum
528 539 650 599 debeam
673 542 778 599 timere
800 539 955 600 victuma?
989 545 1103 619 metuo,
1127 564 1166 603 ne

149 629 273 703 patrem,
297 626 366 686 dum
389 630 508 704 morior,
532 628 671 688 occidam.

635 927 676 1002 V.

410 1085 574 1159 AEGER
602 1086 901 1162 REDEMPTVS.

149 1285 258 1343 Lrnnnr
276 1302 434 1344 renarras
452 1304 484 1343 nr
507 1302 666 1344 neusrnrn
685 1304 745 1346 nvn
764 1303 866 1344 Annum
884 1305 945 1346 avr
964 1305 1164 1350 vruemurvn.

195 1373 321 1443 Quidam
344 1375 417 1434 duos
440 1373 516 1433 filios
539 1374 680 1450 habebat,
708 1376 788 1453 frugi
811 1378 841 1434 et
863 1376 1053 1436 luxuriosum.
1094 1398 1164 1455 per-

195 1483 263 1541 egre
285 1463 420 1539 profeeti‚
439 1466 509 1523 sunt
527 1466 608 1539 eapti
632 1483 650 1522 a
672 1465 784 1539 piratis.
826 1465 997 1525 luxuriosus
1019 1466 1164 1546 languere

196 1554 300 1629 eoepit.
347 1553 434 1612 ambo
457 1553 493 1611 de
518 1553 719 1628 redemptione
747 1556 934 1630 seripserunt.
980 1557 1068 1631 pater
1094 1558 1205 1618 uni-10

194 1642 287 1701 versis
314 1642 399 1702 bonis
427 1642 460 1700 in
481 1661 575 1700 unum
596 1640 723 1701 redactis
750 1643 899 1718 profectus
923 1645 976 1702 est.
1022 1644 1165 1704 dixerunt

195 1732 241 1790 illi
268 1729 445 1808 praedones,
471 1750 531 1790 non
555 1732 690 1790 attulisse
717 1731 803 1790 illum
825 1733 883 1790 nisi
906 1733 993 1791 unius
1022 1734 1164 1811 pretium,

196 1822 225 1878 et
255 1820 377 1897 eligeret
406 1822 506 1877 utrum
534 1820 633 1877 vellet.
680 1838 801 1896 aegrum
830 1821 964 1879 redemit.
1010 1823 1061 1897 qui
1091 1820 1165 1887 dum

194 1909 364 1983 revertitur,
387 1911 520 1996 mortuus
540 1909 591 1966 est.
628 1908 706 1967 alter
722 1909 818 1984 ruptis
837 1911 963 1969 vinculis
981 1910 1068 1988 fugit.
1106 1911 1163 1970 ali-

75 2007 77 2010 ’
193 1999 294 2055 menta
317 1998 458 2072 poscitur,
481 1995 665 2056 contradicit.
1179 2022 1206 2062 15

220 2165 246 2219 V
265 2166 299 2232 ef.
319 2163 455 2219 ENNOD.
471 2165 538 2220 dict.
554 2171 595 2219 21.
625 2165 711 2219 dictio
740 2165 769 2219 in
796 2169 906 2235 patrem
935 2168 1076 2237 quendam
1104 2170 1164 2237 qui,

150 2254 213 2291 eum
227 2236 316 2289 filium
330 2253 348 2290 a
360 2236 455 2304 pirata
474 2238 588 2304 captum
603 2236 740 2290 redimere
758 2254 814 2291 non
829 2239 962 2308 dignatus
976 2242 1057 2306 esset,
1077 2240 1114 2293 ab
1129 2257 1164 2295 eo

151 2311 247 2362 tamen
270 2307 309 2362 ali
331 2307 454 2378 petebat.
493 2307 566 2360 aetio
590 2309 688 2362 eontra
711 2307 916 2373 Quintilianum
939 2313 1076 2379 suscepta.
1113 2311 1165 2367 ille

152 2379 230 2504 eniml
244 2381 353 2462 patrem
375 2380 478 2445 tuetur,
501 2395 551 2432 nos
570 2378 666 2432 filium.
695 2395 775 2449 roge,
799 2397 834 2434 ne
858 2382 1048 2451 arrogantiam
1070 2385 1165 2453 putes,

152 2469 201 2520 qur
231 2467 329 2521 egens.

224 2610 591 2680 Βωῆαωωυ

223 2688 357 2753 nunni
374 2697 623 2764 Qumrnfflnr
645 2698 933 2755 munemundus
953 2700 1119 2756 uxrnrcin
1138 2713 1168 2758 n

152 2772 188 2840 ir.
204 2787 288 2840 rear
307 2770 504 2858 aninumr]
523 2786 811 2842 unruuMArrcvs
825 2789 1002 2856 nmmum
1020 2789 1164 2847 meniu.

152 2874 282 2929 menn.
338 2874 557 2930 annunenve
579 2885 601 2928 v
665 2875 830 2931 uremur
848 2868 1014 2933 nannum
1034 2879 1166 2933 nunna

152 2948 167 3016 i
182 2948 282 3018 neni
300 2949 460 3019 nauiter*
490 2965 576 3019 meaa
590 2967 669 3034 aaa
686 2974 718 3018 ιι
804 2965 1020 3022 Mathematicus
1039 2968 1164 3037 explicit.

152 3035 256 3104 Incipit
275 3037 398 3106 eorporis
420 3036 539 3106 proiecti
557 3036 606 3107 ipa
625 3037 666 3090 eet
683 3040 782 3090 manue
802 3054 866 3093 cece
888 3041 974 3094 minio
989 3041 1067 3109 pieta
1085 3050 1113 3094 P

154 3106 371 3161 Mathematicus
390 3108 462 3178 expl.
478 3140 511 3148 -
525 3124 625 3161 manus
645 3122 708 3161 eece
727 3116 747 3159 s

223 3194 347 3248 auena
368 3182 524 3251 aunirr'
548 3199 580 3251 a
605 3214 690 3267 mara.
709 3212 814 3251 ammo
838 3207 866 3250 a
952 3198 1076 3253 meua
1102 3200 1164 3253 nu-

154 3265 305 3320 DEMPTV
307 3266 324 3318 S
342 3269 429 3322 minio
443 3271 522 3337 pieta
538 3278 560 3321 V
610 3268 721 3324 titulum
739 3269 945 3336 emmeramme
964 3273 1006 3339 (in
1019 3280 1047 3324 Ρ
1063 3271 1166 3326 laeana

153 3338 554 3465 raegaliffieafficianm
570 3422 646 3474 ome
698 3409 865 3477 parentur
918 3411 1125 3466 Sluxoriosum
1138 3424 1167 3466 Β

155 3485 188 3535 10
207 3480 319 3551 caepit}
333 3482 359 3550 (1
374 3482 424 3535 litt.
435 3484 481 3551 er.)
495 3492 524 3535 B
578 3486 611 3535 15
625 3481 760 3550 poscitur:
775 3481 868 3549 poscit
881 3492 926 3535 ss
973 3489 1038 3552 poet
1055 3487 1166 3538 eontra-

155 3568 225 3624 ‹naa
252 3569 317 3626 aaa.
340 3571 489 3626 maratana
511 3557 608 3626 ruer?
633 3569 731 3624 nean
755 3553 920 3625 unumne
940 3580 972 3624 ιι
1040 3571 1166 3641 uxpncn
