2430 3952
360 214 595 272 DacoAMATIO
615 215 692 270 XVII
707 221 820 272 14-1o
895 249 896 252 =
1035 215 1101 280 315

81 383 154 444 loris
182 386 318 459 attoniti,
346 386 464 445 concisa
486 385 590 460 verba,
618 383 736 461 trepida
763 386 892 461 suspiria
919 387 950 444 et
976 404 1023 444 me
1050 405 1100 444 ne·

81 477 211 551 gentem.
263 473 413 550 parricida
449 473 648 552 deprehensus
684 473 836 533 effudisset
867 494 1027 549 venenum,
1062 494 1100 532 ne

82 564 236 622 fateretur.
283 611 286 616 .

150 647 221 710 ‘Cur
239 647 332 729 ergo’,
349 651 458 727 inquit,
478 647 516 710 ‘si
533 651 591 711 tibi
604 669 774 728 paraveras,
792 670 852 711 non
865 646 1001 710 bibistit'
1034 651 1099 710 bre·
1115 651 1153 706 1e

53 743 168 816 tritor,
198 744 292 816 pater,
323 744 353 799 et
380 741 542 800 secundum
571 744 711 800 naturam
740 740 922 800 condicionis
952 741 1100 800 humanae

81 829 245 907 respondeo
268 830 346 888 nihil
369 829 452 889 aliud
479 849 542 890 esse
564 831 597 888 in
624 831 774 907 potestate
797 831 987 904 miserorum,
1010 848 1100 905 quam

81 921 116 977 ut
137 921 216 978 mori
237 919 340 978 velint.
378 938 432 997 ego
456 938 524 978 cum
542 919 621 978 dico:
645 913 734 978 ‘mori
752 912 841 993 volo'‚
864 937 924 978 non
946 919 1003 978 hoc
1021 917 1100 978 dico:

82 1003 256 1067 ‘moriturus
279 1001 371 1082 sum’3
399 1007 436 1066 de
459 1010 558 1067 animo
580 1026 646 1068 meo
669 1007 847 1084 respondeo,
873 1026 934 1067 non
956 1008 1100 1084 promitto

81 1096 118 1156 de
149 1098 221 1157 fato.
267 1098 386 1156 miraris
411 1097 505 1173 quod,
537 1099 673 1172 quamvis
700 1099 763 1155 iam
793 1099 911 1156 teneam
943 1115 1100 1171 venenum,

41 1207 67 1247 ro
80 1186 211 1246 multum
233 1189 337 1245 tamen
359 1186 456 1246 adhuc
479 1185 596 1246 casibus
623 1185 804 1261 incertisque
829 1188 972 1261 superest.
1019 1203 1099 1245 acoe-

80 1294 150 1349 pere
176 1275 318 1351 perfossis
342 1275 518 1352 plerumque
541 1275 703 1334 visceribus
730 1276 826 1333 vitam
848 1277 951 1334 tamen
973 1274 1100 1352 abipsa

80 1363 286 1439 desperatione
309 1361 503 1422 redeuntem?
549 1365 667 1423 strictos
691 1364 769 1423 oiroa
793 1364 871 1422 colla
897 1364 1022 1438 laqueos
1045 1366 1101 1423 aut

80 1471 174 1511 nexus
203 1454 255 1511 aut
281 1453 376 1529 ipsius
400 1454 531 1529 eorporis
558 1455 648 1511 ruina
671 1451 802 1528 decepit,
830 1454 945 1512 rotatus
971 1472 1026 1529 per
1048 1453 1099 1511 ab·

79 1543 170 1617 rupta
192 1542 293 1600 mollis
316 1542 412 1600 iactus
436 1540 585 1618 explicuit.
632 1545 695 1600 tam
723 1543 953 1601 consentaneum
977 1544 1035 1615 est,
1062 1561 1099 1600 ne

37 1651 65 1692 re
80 1631 227 1688 moriatur
249 1631 303 1706 qui
320 1629 405 1704 velit,
427 1650 518 1706 quam
536 1629 618 1706 quod
638 1630 783 1689 morimur
805 1630 903 1688 inviti.
940 1630 992 1690 sed
1010 1631 1098 1706 malo,

80 1721 158 1778 siout
180 1719 273 1795 coepi,
296 1719 426 1796 simplici
443 1722 543 1779 teoum
560 1720 677 1780 ratione
696 1720 864 1778 consistere.
901 1719 979 1777 nihil
997 1738 1098 1795 aeque,

79 1811 175 1883 pater,
197 1809 312 1884 impetu
335 1810 454 1868 constat
477 1827 569 1884 quam
590 1809 668 1868 mori
689 1808 776 1883 velle,
799 1827 853 1868 noc
872 1810 1032 1884 quiequam
1050 1827 1098 1867 res

78 1897 226 1956 humanae
253 1897 452 1974 inpatientius
479 1898 591 1956 habent
618 1897 771 1973 pereuntis
797 1896 926 1956 adfectu.
971 1897 1051 1957 huno
1073 1900 1099 1956 si

77 1988 207 2045 retinere
234 1987 339 2061 velles,
365 1985 493 2061 sufficit,
520 1989 556 2046 ut
584 1988 722 2061 moreris,
751 1988 782 2044 et
807 1988 956 2045 rationem
982 2005 1098 2061 quoque

26 2097 65 2137 co
78 2075 194 2135 homini
216 2077 320 2135 mortis
344 2077 459 2152 eripiet,
482 2078 510 2135 si
533 2077 599 2151 quis
622 2075 781 2135 abstulerit
804 2075 947 2134 ardorem.
984 2075 1098 2153 frangit
1183 2128 1186 2133 ,

79 2165 215 2224 animum
253 2164 387 2240 quisquis
428 2165 605 2240 intervenit3
642 2164 777 2239 abducit,
814 2167 922 2224 avocat
960 2166 1096 2241 quisquis

79 2253 259 2330 adloquitur.
305 2254 479 2313 ambiuntur
505 2256 612 2314 cuncta
641 2253 789 2313 moriendi
815 2255 914 2330 spatia
941 2273 995 2330 pro
1024 2254 1097 2313 vita.

78 2342 145 2402 ideo
172 2360 226 2401 nos
253 2344 434 2403 mehercules
463 2343 639 2403 crediderim
666 2342 813 2402 eiusmodi
845 2344 958 2402 exitum
988 2343 1097 2420 eligere

78 2434 232 2492 secretum.
269 2434 428 2491 minimum
450 2435 497 2492 est
515 2432 594 2507 quod
612 2432 777 2491 confundat
798 2431 950 2490 hominem
972 2430 1097 2490 infirmi·

26 2523 142 2582 ‘astate
169 2521 358 2595 morientem,
386 2525 417 2580 et
439 2522 553 2599 exiguis
577 2523 674 2580 causis
698 2539 772 2597 opus
796 2523 854 2594 est,
882 2523 917 2578 ut
939 2519 1098 2597 displiceat

78 2609 178 2669 obitus
203 2630 290 2685 quem
313 2612 421 2669 misero
445 2613 540 2670 suasit
561 2611 728 2688 integritas.
767 2608 889 2684 quidsi
915 2610 1098 2667 interveniat

78 2699 188 2774 aliquis
213 2701 265 2774 qui
287 2698 430 2776 gaudeat,
455 2701 507 2774 qui
529 2699 677 2758 vindicari
699 2718 730 2758 se
754 2699 855 2774 putet,
883 2699 909 2757 si
932 2700 1022 2757 testes
1046 2697 1097 2755 ad-

77 2787 180 2846 hibeat
203 2789 303 2848 oeulos
328 2788 434 2864 quibus
461 2787 656 2846 invidendum
679 2784 739 2846 sit?
785 2788 889 2845 statim
916 2786 1096 2863 mehercules

150 2998 165 3046 1
184 2993 327 3063 parricida
342 2995 384 3050 bis
397 3002 449 3046 BV
458 2994 585 3064 (alteram
598 2994 700 3060 expes>
754 2996 771 3044 4
790 2973 872 3061 dddgo
887 3000 921 3058 Β,
941 3008 990 3045 cur
1008 3001 1101 3062 egos

78 3098 207 3153 ‘lvelitis
226 3109 254 3152 Ρ
306 3116 370 3153 cum
383 3099 479 3153 iudico
497 3108 526 3152 Β
576 3062 677 3152 h0013
737 3097 848 3152 9facto
867 3107 905 3164 11,
924 3097 969 3152 vel
986 3098 1046 3152 fato
1065 3120 1097 3151 m

78 3175 112 3225 10
136 3171 265 3240 accipere
284 3180 344 3225 Bu
436 3176 469 3226 11
492 3169 620 3240 plerique
640 3169 689 3224 Gr.
782 3175 815 3224 11
839 3169 1035 3240 desperatione
1063 3187 1098 3225 eac

77 3277 298 3346 despirationem
316 3287 345 3331 Β
437 3277 510 3331 collo
532 3287 554 3329 V
641 3281 673 3329 13
698 3275 807 3345 occepit
828 3286 856 3329 P
947 3241 1049 3346 dupla
1067 3285 1100 3329 Β

67 3350 113 3402 ’14
132 3347 214 3403 molis
233 3358 326 3414 ΒΒβο·
406 3356 439 3404 16
458 3347 625 3418 simpliciter
644 3364 707 3400 cum
726 3356 759 3401 11
833 3352 865 3401 19
884 3347 954 3402 velis
975 3347 1023 3404 Gr.

48 3477 53 3490 ·
76 3455 192 3509 mereris
206 3464 245 3522 133
263 3455 410 3510 morereris
429 3467 450 3508 o·
502 3460 536 3510 10
554 3436 642 3525 fredit
655 3463 684 3507 Β
736 3460 770 3508 11
790 3454 919 3511 ambiunt
935 3455 997 3521 Gr.;
1019 3453 1097 3510 blan-

75 3526 194 3581 diuntur
209 3525 270 3582 Set.
325 3532 359 3580 13
378 3526 515 3582 crederim
528 3535 592 3593 ΒΜ,
610 3542 679 3581 corr.
695 3535 752 3581 Βικ
807 3531 842 3579 14
859 3525 1053 3580 infirmitatem
1067 3533 1100 3578 n

78 3602 112 3651 27
132 3596 213 3652 testis
233 3619 252 3650 α
270 3599 348 3668 (corr.
364 3599 405 3665 m)
