2430 3952
134 233 199 296 262
497 231 587 284 APES
606 231 783 285 PAVPERIS

134 396 294 474 convaluit,
317 401 497 475 relinquitur
520 399 595 458 liber
617 400 789 475 parentibus
812 400 902 458 loeus.
940 402 970 458 et
988 420 1025 458 ne
1045 403 1152 461 ooaota

133 492 166 548 in
189 492 348 566 angustum
375 489 537 548 multitudo
560 507 639 549 nova
665 489 754 547 turba
776 488 905 562 laboret,
934 492 1020 564 quasi
1043 489 1152 549 habita

134 579 327 637 verecundiae
358 581 475 638 ratione
507 578 586 637 aedit
616 578 743 654 populus
775 579 880 651 minor,
913 596 1152 656 suspensumque

134 668 276 743 proximis
294 670 385 727 ramis
404 687 527 726 examen
544 667 688 725 humanas
706 686 811 726 manus
831 670 974 741 expectat.
1009 671 1151 744 acceptas

134 776 201 815 oum
228 756 285 815 fide
313 756 385 815 colit
413 757 501 815 sedes.
547 758 579 814 'et
605 774 672 814 oum
698 756 818 833 ingenia
845 758 960 829 nostra,
988 776 1066 831 quae
1095 775 1151 816 nos
1177 778 1194 817 1,

134 847 247 906 scilieet
269 845 421 904 ambitiosi
443 847 538 904 nostri
561 845 765 904 aestimatores
792 847 928 920 proxima
951 845 1062 903 divinis
1087 865 1151 906 ore·

133 935 243 1008 dimus,
272 934 310 993 ad
332 933 525 1010 perficiendas
548 933 720 1009 disciplinas
747 935 841 993 multo
869 934 971 993 labore
994 933 1152 1010 desudent,

132 1024 216 1082 nulla
240 1043 310 1099 apes
333 1024 393 1082 nisi
414 1024 522 1081 artifex
545 1023 684 1082 nascitur.
731 1024 803 1098 quid
826 1023 926 1082 oredas
950 1023 1032 1081 aliud
1055 1044 1151 1100 quam

133 1114 251 1170 divinae
269 1114 387 1187 partem
400 1112 508 1171 mentis
526 1113 573 1171 his
588 1112 695 1170 animis
713 1110 829 1171 inesse?
861 1112 933 1187 quid
951 1114 1150 1188 praecipuum

81 1200 116 1255 17
132 1199 265 1260 referas?
309 1220 368 1259 non
392 1203 426 1259 ut
450 1204 547 1260 cetera
575 1202 718 1259 animalia
745 1221 799 1276 per
820 1203 924 1276 pastus
947 1219 1025 1278 vaga
1051 1203 1149 1262 incer·
1164 1224 1188 1264 11

132 1293 197 1348 tum
221 1291 315 1365 quieti
342 1291 465 1365 sapiunt
488 1290 583 1348 cubile
611 1292 706 1350 noetis
734 1289 858 1348 arbitrio
886 1309 1001 1365 sempor
1028 1291 1149 1350 habita

132 1381 210 1454 tura,
233 1378 283 1438 sed
301 1381 383 1439 tutas
403 1379 485 1438 sedes
504 1379 669 1453 eontinent3
692 1378 779 1437 urbes
797 1380 893 1452 tectis,
911 1378 1000 1437 turba
1018 1381 1150 1455 populos

132 1470 297 1526 imitantur.
343 1488 402 1528 nou
430 1471 465 1526 ut
492 1468 572 1526 ferae
600 1468 746 1542 volucres,
777 1487 836 1526 non
863 1468 1026 1542 praesentis
1056 1470 1149 1529 modo

132 1557 191 1615 cibi
214 1576 371 1630 memoreS,
394 1558 425 1614 in
449 1557 526 1616 diem
549 1559 668 1628 vivunt,
694 1557 853 1615 duraturus
876 1557 968 1614 hiemi
989 1560 1150 1632 reponitur

131 1645 236 1720 vietus,
260 1649 290 1706 et
312 1646 433 1722 repletis
457 1666 525 1704 vere
549 1645 630 1705 cellis
652 1647 735 1704 tutus
759 1663 853 1704 annus
873 1648 925 1704 est.
967 1646 1060 1704 etiam
1080 1666 1150 1706 oum
1164 1669 1187 1709 u

133 1735 170 1793 ad
197 1735 343 1795 humanos
371 1754 440 1795 usus
469 1754 559 1811 opera
585 1734 730 1794 subduota
758 1737 840 1809 sunt,
869 1753 1008 1809 reparare
1036 1737 1149 1796 amissa

132 1825 322 1898 contendunt,
347 1827 376 1883 et
394 1823 480 1882 labor
498 1823 605 1883 damno
624 1824 802 1896 incenditur,
827 1825 856 1882 et
874 1842 1027 1898 nunquam
1046 1824 1150 1896 de'fioit

133 1915 249 1971 animus
268 1916 338 1972 ante
357 1932 446 1988 quam
465 1913 554 1972 locus.
592 1911 684 1988 quid?
708 1912 788 1987 quod
809 1914 889 1970 inter
906 1912 1049 1971 animalia
1069 1933 1149 1989 quae

131 2020 191 2058 non
214 2002 305 2060 verba
328 2003 521 2079 coniungunt,
544 2021 603 2061 non
622 2002 712 2060 verba
734 2003 860 2060 rationis
883 2002 1009 2059 invisam
1027 2007 1149 2080 regunt,

131 2091 234 2148 tantus
259 2093 355 2166 operis
379 2110 535 2150 consensus
559 2094 615 2164 est,
639 2094 725 2149 tanta
749 2091 942 2148 difficillimae
964 2092 1009 2148 rei
1033 2091 1187 2153 laborisve

132 2177 310 2236 eoncordia?
355 2199 415 2237 non
438 2180 566 2239 humano
590 2180 664 2238 vitio
688 2181 719 2237 in
742 2182 891 2254 proximos
916 2197 1050 2254 quaeque
1075 2201 1148 2241 usus

132 2267 247 2325 luorum
266 2267 355 2341 duait,
379 2271 410 2326 in
434 2269 585 2343 publicum
605 2269 725 2342 vivitur,
750 2271 779 2327 et
797 2287 965 2342 communes
986 2287 1056 2342 opas
1077 2289 1148 2329 oon-

132 2360 275 2434 geruntur
297 2359 328 2415 in
351 2358 489 2431 medium,
513 2358 595 2417 nefas
620 2361 664 2417 est
687 2358 816 2416 delibare
840 2360 928 2435 gustu
951 2359 1034 2432 prius
1054 2378 1148 2434 quam

130 2446 220 2521 plena
242 2446 348 2504 horrea
367 2465 484 2506 securos
503 2447 668 2522 spondeant
688 2466 810 2505 menses.
849 2449 914 2522 quis
933 2449 1034 2506 tantus
1054 2467 1148 2523 porro

133 2537 221 2594 ardor
239 2536 336 2611 operis
355 2555 467 2611 quaeve
487 2536 653 2594 officiorum
675 2538 809 2612 partitio,
833 2538 867 2594 ut
885 2537 962 2594 aliae
981 2542 1186 2612 congerentes

132 2643 230 2699 onera,
254 2625 331 2683 aliae
355 2625 511 2700 accipiant,
534 2627 612 2683 aliae
634 2624 751 2684 linant?
776 2645 852 2700 quae
875 2626 1017 2684 severitas
1040 2627 1073 2683 in
1099 2646 1148 2687 oa⁴

132 2714 270 2790 stiganda
302 2713 431 2772 inertia?
480 2714 576 2773 multa
608 2715 688 2772 dictu
721 2717 845 2788 visuque
878 2713 1028 2772 miranda:
1060 2735 1148 2790 praef

205 2979 309 3026 2nove
327 2973 408 3026 turbe
429 2987 442 3036 1
503 2979 518 3024 5
538 2989 593 3025 non
613 2971 721 3025 scilieet
739 2981 795 3037 1563
815 2989 864 3025 nos
885 2989 933 3026 ora.
951 2982 980 3024 ,11
1048 2979 1062 3024 7
1082 2991 1148 3042 per-

134 3042 323 3111 cipiendae&
346 3043 542 3113 perpiciendas
560 3054 584 3096 J
672 3043 768 3111 Sapis
792 3053 854 3107 1111
942 3043 1009 3095 nisi:
1030 3044 1092 3098 sine
1111 3054 1147 3108 Β,

133 3125 246 3179 οοννῡς
264 3132 320 3168 non
339 3125 371 3167 11
449 3115 657 3184 9praeeipium
675 3123 703 3166 B
783 3119 815 3167 10
835 3115 971 3168 incertum
990 3131 1022 3168 ea
1042 3132 1102 3169 -am
1120 3127 1150 3170 Β

135 3190 166 3237 11
191 3184 272 3239 habit
273 3187 367 3239 aturae
391 3188 419 3240 et
442 3187 509 3240 totis
533 3196 593 3251 Β1’;
616 3185 780 3238 habitatura
798 3184 878 3238 sedt
866 3186 933 3239 totis
952 3185 1136 3241 noctibueu

132 3255 266 3309 habitura
284 3257 395 3310 sedtut
363 3273 426 3310 uae
446 3270 482 3321 ea
543 3263 575 3310 12
594 3257 675 3310 turbe
693 3266 753 3320 Β1·;
772 3259 836 3309 tura
854 3267 882 3310 Ρ
944 3262 975 3311 13
994 3256 1054 3312 fere
1072 3279 1092 3310 α

135 3332 167 3379 16
187 3327 236 3380 ad:
256 3344 305 3382 oen.
321 3338 359 3394 Β,
379 3329 454 3383 inM
507 3337 670 3382 umanosB
733 3333 764 3380 17
785 3327 929 3381 defecitP
990 3333 1023 3381 19
1042 3334 1148 3399 regunt

135 3399 210 3453 Obr:
230 3402 330 3468 regant
349 3401 426 3454 Dese.
442 3418 471 3469 p.
488 3405 536 3467 933
555 3403 661 3469 negant
680 3421 701 3451 ω
756 3405 789 3452 21
808 3399 960 3467 proximos:
980 3400 1146 3469 primoum

132 3470 261 3538 proprios
281 3481 297 3522 1
360 3476 392 3523 ‘23
412 3487 464 3524 neo
482 3470 525 3525 fas
545 3483 580 3534 so
640 3477 674 3522 24
694 3470 742 3538 qui
756 3470 845 3536 tant’t
860 3471 937 3538 (corr.
948 3471 976 3538 1)
994 3486 1078 3539 porro
1098 3442 1147 3527 eut

133 3541 215 3595 arbor
234 3541 327 3610 (ardor
346 3543 373 3610 1)
392 3551 420 3594 Β
490 3542 577 3610 quit
644 3558 726 3610 porro
744 3543 839 3594 tantus
864 3551 916 3604 111
990 3546 1023 3596 25
1043 3558 1149 3667 conge=

126 3615 194 3665 rent
210 3622 264 3666 Βν
332 3619 365 3667 26
387 3613 492 3667 honera
511 3623 531 3665 1
598 3611 739 3666 liniant1

920 3694 1058 3719 mn..
