2430 3952
418 195 723 252 uuouauhrlouus
742 196 775 249 X.
794 196 840 251 XI.
1067 195 1135 259 409

122 385 181 423 non
211 366 268 424 erit
298 366 400 424 eadem
427 365 476 423 lex
505 366 597 424 errori
631 367 661 424 et
690 366 758 423 arti.
803 364 837 421 Ρ.
860 364 936 422 nihil
965 364 1049 422 aliud
1076 364 1136 424 nisi

122 455 247 513 mortem
276 457 362 513 tuam
393 454 558 513 articulavi
605 454 646 511 D.
664 455 757 513 vultis
780 454 868 527 scire,
897 452 1022 512 iudices:
1050 472 1134 513 accu-

122 545 201 601 savit
222 563 269 601 me
294 562 328 601 eo
355 546 488 618 tempore
519 562 577 618 quo
605 562 664 601 non
693 544 829 617 poteram
852 542 1010 601 damnatus
1034 542 1136 602 occidi.

122 632 158 706 P..
174 632 271 709 legem
296 649 381 691 suam
410 633 517 692 civitas
547 632 585 691 ob
615 632 717 690 divitis
747 631 967 708 impatientiam
997 629 1137 690 excedet?

97 721 162 781 eD.
183 721 331 796 explicata
354 723 400 780 est
426 722 501 799 legis
524 720 652 794 invidia,
674 713 748 800 scum
771 720 837 795 quis
866 721 982 796 patitur
1005 719 1084 795 quod
1107 723 1137 780 et

124 811 203 868 fecit.
253 810 286 867 P.
310 810 359 869 cui
387 829 520 885 unquam
553 811 634 887 patri
663 809 846 887 prohibitum
876 812 921 868 est
951 827 1005 884 pro
1035 809 1136 868 liberis

123 897 220 957 mori?
259 899 298 956 D.
318 902 351 957 at
377 902 412 958 tu
438 899 513 957 mihi
535 899 614 958 idem
641 898 828 976 prohibuisti.
870 898 902 955 P.
926 898 1026 956 nullus
1053 897 1138 956 dolor

123 989 218 1046 morte
241 988 337 1046 maior
360 991 412 1046 est.
453 988 530 1046 hanc
553 988 651 1047 offero.
691 989 731 1047 D.
750 1007 856 1063 parum
879 987 961 1045 dolet
984 989 1035 1062 qui
1058 987 1138 1062 quod

123 1076 247 1152 patitur,
269 1077 405 1154 ignoscit.
446 1077 617 1136 innocentia
645 1094 718 1152 opus
742 1079 801 1150 est,
830 1079 864 1134 nt
886 1078 1027 1134 miserum
1054 1076 1138 1135 dolor

84 1167 225 1226 1cfaciat.
266 1167 299 1224 P
315 1167 341 1225 si
358 1167 438 1242 leges
457 1165 687 1225 contemnendae
707 1169 785 1239 sunt,
803 1183 869 1224 eam
887 1166 976 1225 simul
994 1164 1137 1224 auferatis

125 1273 202 1329 quae
219 1255 297 1312 male
311 1255 425 1313 meritis
439 1273 566 1329 poenam
585 1258 681 1331 parat.
722 1255 762 1312 D.
777 1255 852 1330 proh
866 1254 974 1329 pudorl
997 1255 1022 1314 is
1041 1256 1138 1331 legem

124 1345 260 1402 nominat
283 1343 335 1418 qui
356 1343 544 1402 immanitate
570 1344 688 1403 sceleris
715 1344 813 1422 legem
835 1343 996 1402 damnavit.
1038 1345 1071 1401 P.
1091 1345 1137 1402 sin

125 1435 224 1491 autem
254 1432 429 1506 servandac,
460 1450 495 1491 ea
524 1435 670 1507 servetur,
701 1436 736 1491 nt
765 1450 872 1492 nocens
902 1434 1051 1508 puniatur.
1096 1433 1136 1490 D.

124 1522 208 1578 nulla
239 1540 335 1596 poene
364 1524 410 1580 est
442 1522 502 1580 nisi
532 1523 636 1581 invito.
682 1521 831 1580 infinitum
865 1521 944 1581 datis
979 1521 1137 1580 sceleribus

85 1632 110 1672 ιι
125 1609 288 1684 audaciam,
311 1611 339 1670 si
360 1612 478 1669 nocenti
496 1628 608 1685 poenae
631 1613 791 1687 praestatis
815 1610 979 1669 arbitrium.
1021 1610 1054 1667 P.
1074 1610 1137 1668 nihl

124 1699 245 1757 inimico
268 1699 401 1758 acerbius
429 1699 503 1759 velis
531 1718 622 1775 quam
649 1700 729 1775 quod
755 1700 819 1775 ipse
848 1700 925 1758 ferre
952 1717 1011 1757 non
1033 1699 1137 1775 possis.

123 1789 161 1846 D.
182 1789 267 1862 atqui
286 1807 349 1866 ego,
372 1788 549 1863 saevissime,
572 1790 698 1848 mortem
722 1791 800 1866 opto.
841 1789 942 1848 liberis
961 1807 1060 1847 carere
1078 1806 1138 1847 non

123 1895 253 1952 possum.
294 1878 327 1935 P.
348 1895 440 1954 egone
462 1879 530 1936 tuos
560 1876 690 1937 abstuli?
730 1879 770 1937 D.
789 1877 875 1953 audi,
906 1879 1024 1950 civitas,
1051 1879 1084 1936 in
1107 1880 1137 1936 te

124 1968 234 2025 crimen
256 1967 406 2026 herefert.
449 1968 505 2031 scis
525 1966 597 2042 quid
615 1965 698 2044 egit?
720 1967 830 2026 liberos
851 1967 890 2026 ad
907 1970 1042 2040 mortem,
1065 1968 1138 2025 civi·

83 2059 218 2115 aetatem
241 2054 280 2113 cd
302 2054 469 2132 perfidiam,
492 2075 539 2114 me
563 2056 602 2114 ad
623 2055 823 2132 proditionem
846 2057 952 2134 coegit.
992 2075 1070 2115 nunc
1093 2075 1138 2113 re·

125 2143 262 2220 spondeo.
303 2145 420 2202 nullum
434 2144 549 2205 facinus
563 2145 716 2222 publicum
735 2164 797 2205 esse
812 2147 918 2222 potest.
956 2164 1041 2204 omne
1060 2164 1137 2205 com·

124 2253 213 2291 mune
236 2233 440 2310 persuadentis
465 2237 517 2294 est.
559 2235 592 2293 P.
611 2235 756 2309 numquid
784 2234 924 2310 peribunt
946 2232 1138 2294 innocentes?

123 2324 163 2379 D.
183 2321 256 2397 quid
273 2322 411 2396 haeretis,
432 2321 568 2383 iudices?
607 2323 752 2399 numquid
769 2342 850 2383 meos
871 2323 918 2382 lex
935 2325 1069 2399 repperit
1087 2342 1138 2381 no-

125 2408 245 2469 centes?
285 2412 318 2469 P.
336 2411 526 2486 miseremini,
548 2412 669 2487 iudices,
692 2414 860 2488 quicunque
882 2413 991 2471 liberos
1013 2412 1139 2485 hebetis,

84 2521 110 2560 25
125 2500 307 2557 miseremini
320 2499 481 2559 liberorum
494 2520 635 2560 meorum.
672 2502 712 2560 D.
721 2502 836 2560 facinus
852 2503 905 2576 est,
918 2500 1040 2574 iudices,
1054 2519 1137 2577 pree-

124 2590 281 2647 teritarum
311 2591 452 2647 mortium
481 2592 626 2649 minorem
655 2607 718 2649 esse
747 2591 977 2650 miserationem.
1025 2590 1059 2646 P.
1079 2608 1138 2648 non

124 2677 211 2734 video
236 2677 383 2751 quomodo
407 2677 485 2737 obsit
506 2677 576 2738 filiis
599 2678 701 2738 odium
719 2678 822 2754 patn's.
867 2679 907 2737 D.
925 2679 1022 2736 multo
1040 2679 1139 2736 minus

124 2766 210 2825 video
231 2765 301 2840 quid
325 2765 403 2825 obsit
425 2768 499 2826 meis
518 2786 602 2826 amor
618 2768 722 2842 patris.
760 2766 870 2842 adeste,
891 2767 1011 2841 iudices,
1035 2766 1139 2825 audita

125 2874 195 2915 nece
223 2854 385 2913 liberorum
412 2855 485 2930 quid
516 2854 595 2915 feci?
633 2857 742 2915 merito
772 2855 986 2932 rempublicam
1013 2855 1138 2932 prodidi.

86 2966 113 3006 ec
127 2946 242 3003 factum
261 2946 332 3003 esto.
373 2944 434 3002 iam
449 2945 501 3002 diu
520 2946 627 3004 civitas
645 2945 785 3004 defuncta
804 2948 856 3004 est.
894 2945 991 3005 adhuc
1009 2946 1138 3004 auctoris

127 3033 232 3094 domus
255 3033 344 3109 plena
367 3037 419 3092 est.
459 3035 493 3092 P.
515 3036 632 3109 resipio.
674 3035 828 3094 inimicum
852 3033 1025 3093 obtuleram.
1067 3036 1139 3092 meli

199 3292 455 3347 laliud:aliter1’
501 3291 569 3346 nisi:
585 3307 670 3361 quam
684 3300 730 3344 ιιι
780 3293 967 3346 lexcedatn
1017 3293 1138 3346 Smaiue

130 3373 175 3416 ιιι
245 3365 294 3434 qui
314 3364 400 3434 quod:
421 3364 539 3432 quisque
557 3372 603 3416 ιιι
674 3364 753 3418 but:
772 3378 807 3416 ne
824 3372 852 3416 P
921 3369 954 3417 12
974 3363 998 3416 si
1016 3378 1083 3417 num
1098 3374 1138 3430 ιις

127 3436 164 3488 sit
182 3437 276 3490 cutem
299 3445 344 3488 ιιι
419 3440 452 3488 15
471 3434 541 3505 prdb
564 3444 593 3502 ις
611 3432 726 3503 parabis
744 3443 773 3487 ιι
847 3439 882 3488 20
900 3441 964 3489 acte
981 3451 1056 3489 nunc
1073 3435 1138 3490 aad.

126 3523 234 3576 pauper
248 3516 276 3560 ιι
338 3513 372 3560 22
391 3506 543 3575 prohibent
556 3516 584 3560 ιι
652 3511 686 3559 23
704 3505 823 3560 horretis
842 3516 871 3560 ιι
931 3506 1092 3560 innocentes
1112 3516 1139 3560 ιι

128 3585 160 3631 25
179 3578 330 3632 liberorum
349 3594 399 3634 ona
420 3586 497 3631 ιιιιι
574 3582 607 3631 28
627 3577 702 3646 qnod
720 3586 771 3630 ιι
839 3577 935 3632 audite
953 3593 1050 3632 necem
1069 3587 1097 3631 ιι
