2430 3952
141 179 183 243 82
502 177 790 247 munaulmcvs

140 347 253 407 scilicet
270 347 343 406 haec
360 347 451 406 fuerit
463 348 542 407 ratio
559 346 690 425 fingendi
704 346 783 422 quod
802 346 919 405 dicebat
936 348 1058 421 usitata,
1073 366 1155 407 com·

140 436 242 494 munia
261 456 337 511 quae
355 437 473 496 iuturus
494 439 580 512 pater
597 436 685 495 facile
704 435 843 509 crederet,
865 435 993 495 libenter
1011 435 1155 496 audiret?

139 526 266 598 fortiter,
288 525 395 601 inquit,
417 526 508 584 faciet
529 525 608 584 filius
630 527 708 584 tuus.
744 542 825 601 rogo,
849 524 899 583 ubi
922 526 1018 603 magis
1040 525 1156 585 desinit

140 616 191 688 qui
214 614 364 673 mentitur.
407 615 458 674 sed
479 614 585 689 quibus
607 613 667 688 ille,
690 612 733 671 dii
755 613 894 690 deaeque,
918 614 1018 691 signis,
1043 615 1154 690 quibus

139 703 279 778 impletus
303 705 348 762 est
368 705 446 764 notis
467 704 518 778 qui
536 702 572 762 de
590 702 739 778 parricida
757 701 944 761 dissimulare
962 723 1021 762 non
1040 703 1153 779 potuit,
1181 722 1193 762 s

139 810 206 850 cum
239 795 394 867 quaereret
424 789 531 868 pater?
576 793 671 850 artem
699 793 819 849 tantum
849 792 954 849 mirari
985 811 1032 850 me
1065 795 1155 868 pater

139 879 249 956 putas?
290 899 343 958 ego
365 882 458 940 miror
480 881 620 954 animum,
644 883 750 956 stupeo
774 881 979 939 constantiam.
1016 878 1082 955 erit,
1106 882 1154 940 in-

140 970 215 1045 quit,
237 971 285 1030 vir
307 970 393 1028 fortis
417 972 448 1028 et
469 969 625 1044 parricida.
663 987 735 1046 rogo
756 986 831 1043 quae
849 971 927 1028 ratio
952 969 1077 1028 fallendi
1097 973 1153 1044 est,

140 1076 174 1116 ea
197 1056 306 1134 dicere,
333 1061 456 1134 propter
483 1076 559 1132 quae
586 1077 640 1117 nec
668 1057 817 1133 prioribus
840 1057 947 1117 debeat
973 1057 1074 1117 credi?
1118 1061 1153 1117 in

138 1146 299 1222 parricidio
318 1147 397 1221 quod
419 1147 620 1223 prospiciebat
637 1147 871 1221 mathematicus,
894 1148 967 1206 haec
989 1149 1053 1206 sola
1072 1150 1193 1210 ratio1o

139 1236 198 1294 fuit
211 1235 367 1311 mendacii,
385 1256 422 1295 ne
435 1235 662 1311 praediceretur.
692 1236 755 1294 fero
774 1239 884 1309 tamen,
902 1238 937 1294 ut
951 1238 1017 1311 quis
1035 1238 1067 1294 in
1082 1238 1152 1296 aliis

140 1324 405 1385 consultationibus
420 1324 516 1401 decipi
530 1325 625 1401 possit
639 1327 691 1383 aut
705 1343 816 1397 errare3
835 1324 870 1383 de
884 1325 986 1384 futuro
1000 1326 1153 1401 parricida

139 1432 198 1472 non
225 1415 320 1492 magis
348 1415 576 1474 matbematicus
602 1416 702 1490 potest
729 1432 819 1489 quam
845 1416 931 1488 pater
958 1414 1152 1492 interrogare.

88 1503 125 1559 16
208 1499 324 1579 Omnes,
344 1504 432 1563 sicuti
450 1503 530 1580 apud
548 1521 648 1563 sacrae
667 1502 740 1562 artis
760 1502 913 1562 antestites
932 1503 1004 1562 satis
1024 1505 1152 1582 constat,

140 1592 256 1651 animae
278 1593 475 1669 proprietates
498 1595 528 1652 et
550 1594 666 1651 futuras
688 1591 832 1650 mentium
853 1609 1066 1667 temporumque
1090 1592 1151 1651 for·
1167 1611 1193 1652 rs

139 1700 203 1741 mas
237 1701 272 1740 ex
302 1681 423 1741 illorum
454 1682 584 1741 siderum
616 1681 761 1756 qualitate
794 1679 900 1755 quibus
932 1681 964 1738 in
995 1683 1064 1740 ortu
1096 1699 1151 1741 suo

140 1772 245 1830 cuncta
273 1771 443 1849 gignuntur,
472 1769 629 1846 accipiunt
668 1769 776 1845 aliquis
798 1769 869 1846 vagi
895 1770 1024 1828 numinis
1052 1788 1152 1830 errore

138 1859 312 1933 perstrictus
340 1861 398 1935 est,
425 1859 518 1919 vitam
548 1858 689 1936 transigit
714 1858 767 1916 ille
796 1857 985 1917 discursibus.
1030 1858 1152 1934 placida

139 1950 313 2022 conceptum
331 1948 420 2006 stella
438 1949 577 2025 signavit,
597 1948 653 2006 erit
670 1946 804 2006 modesta
822 1947 946 2005 lenitate
966 1947 1150 2022 conspicuus.

139 2033 244 2094 ardens
262 2036 410 2095 nascentis
428 2037 532 2094 horam
550 2036 630 2095 sidus
650 2034 792 2109 accendit,
815 2035 927 2094 viribus
950 2037 1064 2112 pariter
1086 2055 1150 2096 mo·
1165 2057 1192 2098 ao

137 2123 277 2199 ribusque
309 2124 456 2202 flagrabit.
503 2125 626 2202 languet
656 2124 744 2182 iubar
775 2124 923 2201 vergentis
955 2124 987 2182 in
1017 2126 1151 2200 proclive

138 2213 250 2287 mundi,
274 2213 497 2273 hebescentibus
520 2213 634 2272 tardior
656 2213 794 2272 membris
818 2212 923 2272 similis
946 2217 1081 2273 senectae
1104 2214 1150 2273 iu·

137 2304 227 2360 venta
254 2303 403 2380 pigrescit.
448 2302 510 2360 iam
537 2302 563 2361 si
590 2301 638 2361 oui
663 2302 874 2378 principalium
901 2302 1022 2361 deorum
1049 2303 1152 2381 fulgor

137 2389 287 2466 inluxerit,
310 2393 342 2449 in
359 2391 463 2467 populi
482 2394 639 2469 consurget
660 2391 825 2467 imperium.
864 2390 950 2450 credo
968 2392 1150 2451 mehercules

137 2479 170 2538 in
196 2480 283 2538 illum
310 2480 441 2539 natalem
472 2480 598 2539 monstri
624 2481 684 2538 mei
710 2479 789 2539 diem
820 2480 967 2539 iratomm
992 2480 1150 2540 numinum
1165 2502 1191 2543 as

139 2570 322 2645 conspirasse
349 2568 523 2629 violentiam
551 2569 707 2645 sedemque
739 2567 903 2646 prodigiosi
930 2570 1052 2645 spiritus
1081 2589 1149 2630 oon-

138 2659 200 2717 1110
232 2660 345 2734 pariter
375 2659 444 2736 igne
478 2658 627 2733 pressisse.
675 2657 707 2716 Si
734 2677 836 2716 verum
864 2660 908 2717 est
935 2660 1003 2734 post
1030 2662 1150 2718 vetusta

138 2747 256 2806 saecula
279 2751 309 2806 et
330 2746 560 2806 innumerabiles
584 2765 675 2806 annos
698 2746 782 2806 reddi
804 2764 905 2805 rursus
929 2747 996 2805 aliis
1019 2748 1150 2822 corpori-

137 2835 191 2894 bus
220 2836 348 2911 animas,
377 2836 512 2895 fortassis
539 2836 571 2893 in
598 2854 645 2894 me
672 2837 793 2895 renatus
821 2837 860 2894 sit
887 2835 996 2910 aliquis
1025 2855 1060 2895 ex
1086 2838 1149 2896 illis

208 3028 224 3076 1
243 3021 343 3078 faciet:
362 3023 468 3079 faceret
485 3033 513 3076 Β
583 3027 599 3077 5
619 3024 662 3077 ost
680 3039 730 3077 ooo.
746 3032 788 3090 ιι,
809 3021 872 3076 add.
887 3043 919 3075 m
991 3028 1007 3077 9
1026 3039 1078 3077 nee
1096 3040 1148 3078 ora.

137 3102 174 3161 11,
192 3111 267 3163 supr.
282 3115 314 3147 m
378 3093 503 3149 nferre
525 3104 547 3147 ν
606 3099 639 3147 11
658 3098 722 3148 aete
740 3110 825 3163 quam
843 3109 935 3148 errare
953 3095 1018 3148 add.
1033 3094 1093 3150 Set.

137 3181 234 3233 quam:
253 3181 309 3234 quo
323 3177 351 3221 Ρ
404 3171 438 3219 14
457 3165 735 3234 antestites11(corr.
751 3168 777 3234 o)
796 3174 825 3218 V:
845 3165 963 3219 antistes
977 3176 1011 3232 Ρ,
1029 3166 1054 3219 11
1071 3182 1148 3235 supr.

134 3258 168 3303 φς
192 3236 333 3291 antitistes
351 3238 452 3307 reliqui
540 3243 573 3292 18
590 3235 729 3306 transigat
748 3248 765 3289 s
854 3241 887 3290 19
906 3236 1029 3308 signgrit
1047 3246 1079 3290 11

137 3347 171 3396 10
189 3324 368 3398 1111111111
443 3349 475 3397 11
495 3343 612 3414 languet
630 3343 713 3397 iubar
730 3345 782 3398 H.
805 3342 968 3427 languido'
960 3359 1017 3397 ram
1035 3353 1148 3411 Βνρσγς

135 3414 266 3484 languidi
291 3414 352 3471 et
343 3431 401 3469 lam
426 3416 491 3484 11(
481 3415 548 3484 (iam
572 3432 606 3470 ea
634 3430 702 3470 corr.
722 3418 762 3484 111)
784 3435 813 3481 γς
841 3415 902 3485 igui
926 3414 1098 3485 languido'
1089 3433 1148 3470 ram

136 3487 214 3541 Dese.
281 3502 329 3541 ver
364 3486 633 3542 111111111111
701 3491 735 3540 23
752 3485 893 3555 pigrescat
913 3486 975 3542 oar
1049 3491 1149 3541 1111-

135 3559 226 3613 tustos
246 3567 283 3627 11,
301 3502 525 3613 11ῗθνο1111111
542 3574 627 3629 marg.
641 3578 673 3610 m
746 3557 903 3612 19111111
919 3570 934 3622 s
