2430 3952
122 213 188 278 366
401 212 593 269 EXOERPTA
613 212 858 270 MONACENSIA.

52 395 58 405 ‘
123 385 209 458 pater
231 383 340 459 impius
363 403 455 441 unum
474 381 582 442 oceidit
603 401 658 460 pro
680 383 795 442 ineerta
813 383 936 441 alterius
960 381 1058 441 salute
1085 401 1151 443 cre·

124 471 195 531 dens
217 471 340 532 medico.
381 473 424 532 sic
446 472 559 530 debetis
583 471 714 530 occidere
736 473 862 547 patrem,
886 472 1044 546 tamquam
1069 471 1149 533 duos

123 559 245 636 occidit,
273 561 356 620 cuius
379 579 439 620 non
460 561 600 620 interfuit
623 562 690 618 uter
713 560 903 619 occideretur.
945 561 1012 636 plus
1037 559 1149 620 debuit

124 650 240 708 credere
272 652 360 725 pater
388 649 511 708 medicis
540 649 675 724 pluribus
710 649 745 707 de
776 649 873 709 salute
903 649 1062 708 amborum
1095 650 1148 708 de·

122 737 309 814 sperantibus
333 757 423 814 quam
445 739 498 796 uni
522 739 579 797 soli
600 739 715 798 medico
737 757 801 796 rem
822 756 933 797 novam
956 737 1085 813 dicenti,
1111 742 1148 799 ut
1172 761 1185 802 s

122 827 273 886 videretur
300 828 367 886 aliis
394 829 569 903 sapientior,
599 833 630 886 et
651 828 782 886 varianti
809 826 988 886 sententiam
1018 829 1050 885 et
1073 847 1146 903 pro·

121 915 255 975 mittenti
284 917 363 992 quod
393 915 481 974 debet
509 934 595 974 nemo
626 917 759 992 experiri.
812 916 939 976 sulutem
968 916 1146 991 spopondit,

122 1005 272 1065 siliceret
295 1005 420 1064 alterum
449 1005 594 1080 occidere,
616 1005 761 1079 lacerare,
791 1006 964 1080 perspicere.
1009 1023 1071 1063 non
1096 1025 1144 1065 re·

121 1093 193 1153 tulit
214 1094 288 1152 haec
309 1093 459 1170 parricida
482 1093 521 1152 ad
541 1096 669 1153 matrem
698 1113 752 1152 nee
779 1096 962 1170 propinquos
988 1094 1145 1154 consuluit

120 1202 175 1242 nec
198 1185 316 1258 amium,
339 1183 391 1243 sed
409 1201 463 1242 sua
479 1185 599 1242 tantum
620 1185 810 1259 persuasione
829 1183 993 1258 medicique
1017 1185 1182 1248 conten-10

121 1273 170 1330 tus
189 1273 338 1331 victurum
361 1272 479 1333 occidit.
519 1274 546 1330 si
568 1273 647 1330 enim
665 1271 772 1331 medici
794 1290 854 1330 non
875 1271 1014 1330 interfuit
1036 1273 1144 1332 utrum

121 1360 279 1435 occideret,
309 1363 426 1421 constat
452 1362 552 1420 vivere
579 1364 738 1437 utrumque
767 1362 914 1436 potuisse3
943 1360 969 1418 si
990 1361 1143 1436 interfuit,

121 1452 238 1509 constat
259 1469 319 1509 non
347 1450 472 1509 eundem
494 1451 586 1510 fuisse
613 1451 794 1528 languorem.
841 1449 920 1525 quod
946 1452 1049 1508 temen
1071 1452 1143 1526 ipsa

120 1537 283 1614 asserebat,
311 1539 401 1598 redde
429 1539 517 1614 mihi,
548 1539 667 1614 marite,
694 1538 789 1596 filium
819 1557 908 1614 quem
936 1536 993 1596 tibi
1022 1541 1143 1614 pariter

120 1627 292 1703 medicoque
315 1629 462 1703 commisi,
486 1630 584 1704 recipe
608 1647 695 1703 quem
717 1627 791 1685 mihi
814 1626 973 1688 credidisti.
1019 1627 1070 1686 hic
1095 1631 1180 1692 estre

118 1716 171 1774 ille
193 1719 294 1776 noster
311 1717 495 1792 insanabilis,
518 1717 570 1776 ille
588 1717 760 1790 moriturus,
783 1717 831 1776 hic
853 1735 940 1792 quem
957 1718 1141 1791 permiseras

119 1805 246 1882 medico,
276 1807 302 1865 si
330 1807 485 1866 maluisset
515 1806 654 1865 occidere.
696 1806 768 1881 quid
798 1806 877 1881 quod
903 1804 999 1863 filium
1027 1806 1142 1866 occidit

118 1896 305 1954 innocentem
324 1897 372 1954 eui
389 1895 465 1953 nihil
483 1894 607 1969 obicere,
629 1894 706 1953 nihil
723 1897 842 1970 poterat
863 1894 959 1968 irasci,
981 1893 1090 1970 filium,
1114 1897 1141 1956 si

119 1983 177 2058 ipsi
195 1983 323 2058 creditis,
345 2002 400 2058 pro
419 1984 511 2042 fratre
529 1986 607 2043 mori
624 1986 772 2059 paratum,
795 1985 879 2042 ouius
897 2001 1037 2059 suprema
1059 1985 1141 2044 ferre

119 2091 178 2129 non
207 2074 333 2146 poterat.
376 2074 517 2147 amplius,
548 2074 661 2147 quanta
687 2074 872 2143 immanitas,
903 2072 982 2147 quod
1012 2091 1141 2150 aegrum
1154 2097 1180 2138 1ο

119 2159 228 2219 occidit
251 2163 299 2218 eui
323 2163 511 2237 potissimum
534 2162 654 2236 conpati
681 2162 785 2220 debuit
813 2164 968 2236 tamquam
991 2179 1083 2238 aegro
1109 2167 1142 2222 et

119 2267 220 2309 amare
237 2251 382 2324 tanquam
399 2249 503 2308 filium.
544 2250 672 2326 amplius
691 2251 804 2309 medico
822 2252 854 2308 111
874 2251 994 2308 tantum
1016 2251 1140 2311 credere

118 2357 178 2396 non
201 2338 312 2413 debuit,
336 2358 403 2398 cum
421 2339 543 2399 fallaces
567 2342 629 2398 sint
651 2340 759 2398 medici
777 2341 807 2398 et
830 2340 989 2398 casualiter
1012 2357 1140 2415 operen-

118 2431 175 2485 tur.
223 2448 283 2486 non
312 2428 458 2488 medicina
488 2431 587 2504 sanat,
617 2429 668 2488 sed
701 2427 843 2504 quicquid
872 2427 990 2486 ridetur
1019 2445 1140 2505 sanare,

117 2517 264 2576 medicina
282 2519 334 2575 est.
371 2519 397 2576 si
415 2518 546 2577 medicus
565 2537 670 2576 sanare
688 2519 790 2592 nescit,
808 2517 954 2591 numquid
971 2516 1039 2575 ideo
1057 2523 1141 2578 mori
1154 2541 1179 2581 11

117 2625 234 2666 neeesse
253 2603 317 2665 est?
358 2607 475 2665 fatuum
494 2609 548 2682 est,
565 2608 610 2665 ibi
626 2606 715 2665 finem
733 2608 814 2665 ritae
832 2608 947 2682 putare,
964 2606 1139 2682 ubicunque

7 2698 10 2711 '
117 2697 258 2754 scientiae
281 2694 448 2755 substiterit
475 2695 641 2755 infirmitas.
681 2696 902 2771 iniquissimum
929 2696 973 2753 est
997 2693 1139 2770 despera·

116 2785 212 2844 tiones
242 2785 355 2859 vocari,
388 2787 524 2859 quotiens
555 2783 718 2843 remedium
746 2784 893 2843 medicina
922 2802 981 2842 non
1008 2783 1138 2846 invenit.

117 2891 156 2929 an
174 2873 396 2949 desperantibus
415 2873 494 2933 credi
508 2873 651 2947 debuerit,
668 2893 721 2934 vos
741 2872 945 2933 aestimabitis.
973 2874 1024 2949 qui
1043 2893 1138 2952 nega·

116 2964 187 3020 runt
218 2981 321 3039 aegros
353 2980 438 3038 posse
471 2965 582 3038 sanari,
614 2982 668 3022 nec
698 2964 730 3020 in
761 2964 816 3022 hoo
844 2961 1047 3038 probavenmt
1081 2967 1139 3038 qui
1153 2987 1179 3026 so

118 3052 224 3124 evasit,
247 3053 355 3110 necin
377 3053 430 3110 illo
455 3071 542 3126 quem
565 3072 624 3110 non
646 3052 773 3130 languor
795 3051 911 3111 occidit.
953 3053 1015 3110 esto
1040 3053 1138 3112 etiam

117 3139 196 3214 quod
218 3141 325 3198 medici
347 3141 515 3218 desperent,
544 3144 587 3216 tu,
609 3143 708 3217 pater,
736 3160 855 3216 sperare
884 3139 1012 3199 debuisti
1039 3144 1071 3199 et
1095 3143 1138 3201 ad

117 3246 198 3302 spem
221 3231 347 3288 matrem
369 3231 491 3289 hortari.
532 3229 621 3288 fidem
643 3230 734 3289 habes
761 3229 929 3288 hominibus
953 3247 1026 3304 quos
1049 3249 1137 3290 men·

115 3318 168 3374 tiri
186 3317 261 3376 alius
280 3319 418 3394 affirmat,
438 3321 541 3379 contra
555 3338 628 3394 quos
645 3322 755 3379 iterum
769 3318 862 3378 credis
876 3319 928 3376 uni
945 3320 1136 3393 praesertim.

115 3405 232 3479 fratres,
253 3409 360 3483 inquit,
384 3412 414 3468 et
436 3410 548 3485 gemini
571 3411 668 3483 erant,
691 3409 816 3483 ideoque
839 3406 978 3466 credibile
1001 3409 1048 3467 est
1069 3408 1136 3473 illis
1149 3430 1176 3473 aa

186 3599 220 3646 33
239 3593 325 3648 orbari
345 3603 377 3648 M
