2430 3952
386 175 390 193 ’
410 179 645 234 DECLAMATIO
664 180 690 233 II
704 186 774 235 2-4
1053 181 1096 245 23

85 352 174 429 pater
204 350 321 408 induxit
353 367 439 408 oaeoo
467 367 631 409 novercam.
677 349 790 408 faoturn
823 351 868 408 est
900 369 934 409 eo
963 352 1095 426 tempore

87 459 145 515 quo
169 438 324 498 constabat
346 440 463 514 patrem
485 437 547 497 filio
571 457 670 496 senem
688 438 829 497 solvendo
848 458 907 498 non
927 457 997 497 esse.
1029 457 1096 498 oon-

86 529 233 588 tenderim
251 528 325 604 quin
347 529 438 586 immo
461 528 576 588 iuvenis
594 528 685 586 fuisse
705 527 870 602 eonsilium,
893 529 927 586 ut
945 529 1031 604 pater
1048 530 1096 587 oui

86 617 311 677 matrimonium
337 615 491 692 filiumque
519 617 682 675 abstulerat
705 616 886 690 incendium,
913 617 1030 676 residua
1053 634 1096 675 se-

57 708 215 774 aneotutis
239 706 300 765 alia
319 707 520 765 consolaretur
537 725 637 781 uxore,
661 706 691 764 et
709 708 743 763 ut
761 706 865 764 domus
884 724 960 780 quae
979 724 1096 764 caecum

87 797 207 855 tantum
228 795 357 854 habebat
380 797 410 854 et
428 815 534 871 senem,
559 795 705 870 aooiperet
723 814 758 852 ex
776 794 913 872 coniugio
931 794 1096 853 ministeria

87 885 244 945 custodita.
289 886 405 943 faoinus
429 887 483 959 est,
505 884 630 959 iudices,
654 883 732 959 quod
753 884 847 943 bonos
870 884 1022 960 privignos
1045 903 1096 943 no-

86 993 190 1034 vercae
213 973 331 1032 faoilius
355 974 507 1049 deoipiunt
527 991 580 1032 neo
603 974 697 1032 levius
716 972 849 1032 oderunt.
887 991 976 1048 quam
994 973 1097 1031 multis

86 1063 216 1138 insidiis,
249 1064 472 1138 quammultis
501 1062 614 1120 artibus
643 1064 729 1138 patet
760 1063 886 1121 oaeoitas
918 1062 1095 1120 innocentis!

46 1180 72 1219 ιο
86 1152 195 1211 mulier
209 1152 259 1211 oui
277 1171 359 1228 spem
376 1151 561 1211 invadendae
579 1152 753 1210 hereditatis
771 1151 945 1227 praestabat
959 1150 1096 1210 debilitas

86 1241 227 1319 privigni,
250 1243 384 1300 senectus
407 1243 522 1314 mariti,
545 1240 694 1299 intellexit
716 1240 772 1298 hoo
795 1241 891 1299 solum
914 1240 1014 1299 deesse
1036 1258 1096 1300 soe-

86 1331 155 1389 leris
175 1330 331 1404 occasioni,
349 1333 384 1389 ut
402 1332 484 1407 pn'us
503 1331 700 1388 infamaretur
717 1329 871 1405 parricidii
889 1348 1000 1389 oaeous.
1033 1330 1096 1389 viso

86 1421 180 1496 igitur
202 1419 258 1478 hoo
281 1419 361 1494 quod
384 1420 441 1478 sibi
463 1420 578 1479 iuvenis
596 1437 656 1477 non
674 1418 832 1477 videbatur
850 1432 913 1477 esse
933 1418 1095 1494 privignus

86 1529 233 1568 venenum
251 1509 329 1583 quod
347 1510 380 1566 in
398 1509 499 1567 miseri
517 1511 584 1566 sinu
603 1507 766 1581 abdiderat,
787 1507 1004 1584 deprehensura
1021 1527 1096 1565 nun·

46 1625 72 1666 15
86 1597 177 1656 tiavit
194 1599 282 1674 patri,
300 1601 455 1673 tamquam
473 1598 666 1673 parrioidium
683 1598 847 1673 pararetur.
880 1598 910 1653 et
929 1597 999 1670 quia
1016 1615 1096 1654 men-

87 1687 206 1746 daoium
222 1689 341 1763 poterat
358 1687 445 1746 faoile
464 1686 580 1761 nudari,
599 1687 727 1762 siquem
742 1685 891 1744 oonsoium
907 1686 1097 1758 nominasset,

85 1779 182 1836 totam
213 1775 391 1836 delationem
423 1776 465 1835 sio
495 1776 658 1850 ordinavit,
689 1776 725 1833 ut
753 1773 810 1833 sibi
837 1774 1003 1832 crederetur
1029 1791 1096 1848 pro-

84 1865 207 1924 missam
230 1865 385 1924 dimidiam
412 1867 528 1941 partem
555 1866 712 1938 bonorum,
740 1865 766 1922 si
788 1883 934 1922 venenum
961 1864 1025 1920 seni
1046 1881 1096 1921 vo-

84 1955 189 2013 luisset
212 1954 279 2030 ipsa
300 1957 460 2032 porrigere.
502 1953 618 2029 videtis,
641 1952 762 2027 iudioes,
785 1971 845 2028 qua
867 1950 1095 2028 praeparatione
1113 1949 1132 2004 4

45 2071 72 2110 20
85 2062 212 2102 noverea
233 2043 273 2101 ad
289 2046 502 2103 testamentum
520 2044 615 2120 patris
634 2041 798 2101 accesserit.
834 2042 988 2100 mulierem
1007 2058 1097 2116 quam

85 2133 180 2192 oredit
201 2132 327 2191 maritus
350 2133 481 2192 noluisse
503 2135 621 2208 partem
642 2131 788 2191 bonorum
809 2132 940 2206 aooipere
964 2149 1017 2206 pro
1037 2147 1097 2188 soe-

84 2223 155 2295 lere,
169 2239 286 2280 neoesse
301 2223 346 2281 est
359 2222 402 2281 sio
415 2224 592 2296 remuneret,
610 2224 646 2279 ut
659 2220 752 2278 faeiat
770 2219 915 2278 heredem.
948 2238 965 2277 o
985 2221 1097 2294 quanto

86 2311 173 2369 aliter
200 2310 346 2386 probatur
367 2311 561 2387 parricidium
586 2310 665 2385 quod
692 2309 753 2367 iam
780 2310 879 2385 potest
906 2307 1096 2385 deprehendi!

86 2399 193 2458 mulier
216 2418 291 2475 quae
314 2419 345 2459 se
368 2399 485 2459 dicebat
506 2400 539 2458 in
562 2400 775 2458 conscientiam
792 2399 909 2456 sceleris
929 2397 1096 2473 admissam,

46 2514 73 2554 25
87 2507 146 2547 non
168 2488 224 2546 hoo
251 2489 380 2564 primum
404 2489 502 2566 exegit
525 2491 664 2565 epatre,
691 2489 728 2546 ut
756 2489 923 2562 quaereret,
952 2487 1018 2561 quis
1044 2504 1096 2562 pa-

85 2579 181 2635 rasset
204 2596 289 2636 oaeoo
313 2597 467 2652 venenum,
491 2579 558 2653 quis
581 2576 717 2636 dedisset.
754 2575 822 2634 inde
845 2575 1007 2634 maximum
1025 2576 1097 2634 soie-

86 2665 139 2724 bat
161 2684 247 2741 posse
269 2666 334 2726 fieri
357 2668 541 2743 quaestionis
564 2685 705 2726 errorem:
732 2665 878 2739 instituit,
903 2668 937 2723 ut
959 2665 1097 2723 innoeen-

85 2755 219 2814 tissimus
241 2758 356 2815 iuvenis
379 2759 614 2834 interrogaretur
635 2757 770 2831 repente,
794 2754 891 2813 subito
914 2753 1096 2812 infamatura

85 2846 169 2904 velut
196 2844 369 2921 deprehensi
391 2845 635 2922 trepidationem,
662 2862 714 2902 seu
736 2843 878 2902 taouisset
901 2861 1017 2918 oaeous,
1045 2860 1096 2901 seu

156 3074 257 3122 isene
279 3078 301 3121 V
360 3067 493 3139 solvens}
510 3078 536 3121 J
599 3068 798 3123 contenderam
816 3078 843 3120 P
913 3047 1018 3121 talids
1037 3078 1064 3120 P

84 3148 154 3217 open
171 3158 246 3210 supr.
261 3150 289 3193 Β
356 3144 442 3194 8neo
460 3141 491 3194 ia
509 3157 564 3195 ras,
579 3149 607 3192 Β
660 3140 790 3193 odenmt:
811 3139 891 3193 odeit
910 3149 937 3191 P
1002 3144 1035 3192 12
1054 3140 1095 3192 in-

85 3248 250 3302 famaretur:
270 3247 457 3301 infimaretur
479 3257 501 3300 V
576 3211 760 3300 reddiderat
782 3255 803 3298 V
882 3246 1098 3300 remandatum

87 3328 129 3388 M,
152 3319 254 3387 isapr.
270 3328 303 3372 Μ
317 3318 358 3373 oei
375 3340 407 3371 m
481 3324 513 3372 16
533 3317 688 3373 oonsoium:
708 3317 831 3400 occisum
848 3327 874 3370 J
943 3324 975 3371 21
996 3318 1096 3371 eredit:

87 3425 199 3479 credere
218 3435 245 3477 P
315 3430 348 3479 22
369 3427 475 3494 quanta
493 3435 515 3478 V
583 3431 616 3479 23
635 3408 807 3493 parricidium
825 3433 853 3476 Β
915 3431 949 3478 26
969 3426 1017 3478 sed
1032 3425 1097 3478 inde

87 3498 165 3551 Desa.
220 3502 254 3550 28
273 3496 457 3551 infamatura:
476 3497 631 3551 infamatur
650 3512 682 3548 ao
700 3506 761 3562 PV3
781 3513 830 3550 om.
847 3505 884 3563 Μ,
903 3513 977 3566 supr.
992 3517 1036 3562 m3
1055 3497 1098 3549 in·

86 3567 265 3622 flammatura
283 3582 298 3633 a
317 3570 360 3639 (eor
379 3587 446 3625 corr.
462 3570 492 3638 s)
565 3573 598 3622 29
618 3567 808 3636 trepidatione
826 3577 878 3620 BV
