2430 3952
137 199 204 264 220
454 196 708 253 cADAvufflBvs
727 197 833 252 PASTI

136 367 272 426 vindicta
295 367 383 425 alteri
410 365 508 426 cedit?
535 386 595 426 uon
618 367 739 444 publica
761 369 876 444 inopia,
899 385 958 425 non
981 367 1077 426 totius
1101 387 1156 445 po·

138 457 203 533 puli
229 475 290 515 una
316 456 492 515 mendicitas
519 454 598 514 fuit?
643 457 702 515 nisi
730 457 802 531 quia
828 456 962 516 funestas
991 456 1095 533 epulas
1126 459 1159 516 et

137 545 265 604 nefarios
289 547 456 605 invenimus
479 546 573 620 cibos,
595 564 655 604 non
678 547 818 621 putamus
841 544 951 603 famem
973 545 1075 604 fuisse.
1124 548 1158 606 in

138 652 238 693 omnes
261 636 372 711 gentes,
395 636 428 692 iu
451 636 551 692 omnia
569 636 695 693 ventura
717 633 836 693 saecula
858 635 1018 710 proscripti
1041 653 1158 710 sumus,

138 741 238 782 omnes
260 722 333 782 haec
355 723 493 800 prodigia
515 723 692 797 narrabunt,
720 741 820 782 omues
844 723 1069 798 execrabantur,
1094 726 1158 784 nisi
1183 744 1194 785 o

137 814 190 888 qui
221 831 280 871 nou
312 812 440 872 credent.
486 812 595 870 famem
629 813 726 887 ipsam
756 812 969 870 infamavimus
1002 815 1045 885 et,
1074 814 1159 888 quod

136 903 252 960 miseris
289 902 429 959 ultimum
461 902 519 974 est,
555 902 776 959 miserationem
809 919 926 976 quoque
960 899 1159 976 perdidimus.

137 991 234 1049 adhuc
261 991 362 1048 tamen
388 1007 449 1046 una
478 989 609 1048 defensio
636 990 696 1047 fuit
719 989 798 1064 quod
820 988 996 1049 videbamur
1021 990 1056 1047 iu
1080 991 1159 1052 haec

137 1081 237 1138 omnia
265 1080 352 1138 istius
381 1097 471 1154 opera
498 1080 628 1154 impulsi.
674 1080 700 1137 si
722 1078 771 1137 hie
800 1080 940 1138 innocens
963 1080 1022 1153 est,
1049 1083 1159 1139 nostra

137 1169 225 1244 culpa
248 1170 300 1226 est.
338 1168 467 1226 etiamne
490 1168 611 1243 publica
638 1168 718 1225 mala
745 1167 872 1226 narrabo
895 1170 926 1225 et
947 1168 1077 1228 miseriis
1100 1188 1156 1228 no·
1170 1190 1194 1230 ro

136 1258 206 1316 stris
221 1258 387 1315 convicium
401 1253 530 1314 faciam?
563 1255 685 1315 exibunt
698 1254 809 1315 verba?
823 1256 1018 1331 subsequetur
1035 1257 1159 1317 sermo?

138 1364 198 1404 uon
221 1344 397 1424 alligabitur
419 1342 543 1422 lingua?
587 1345 676 1421 plane
699 1345 775 1402 nihil
797 1364 857 1403 nou
880 1364 1044 1422 possumus.

102 1431 121 1487 4
206 1434 403 1510 Exploramus
418 1434 552 1493 ordinem
565 1434 657 1493 cladis
671 1437 799 1508 nostrae,
818 1437 849 1493 et
862 1434 1039 1510 simpliciter
1053 1439 1159 1495 omnia

137 1522 312 1582 indicentur.
359 1523 442 1582 decet
468 1525 529 1582 ista
555 1525 657 1582 nostro
690 1541 739 1581 ore
766 1525 891 1581 narrari.
937 1523 988 1582 sed
1014 1526 1158 1585 novimus

137 1614 167 1670 et
188 1615 315 1671 nimium
342 1614 539 1672 meminimus.
585 1611 673 1670 iudex
701 1611 799 1670 doceri
822 1631 881 1671 uon
905 1611 1004 1686 debet,
1032 1614 1158 1690 opinor;
1171 1633 1195 1675 1⁶

136 1721 186 1761 reo
213 1701 374 1760 indicanda
401 1704 470 1765 sunt
498 1703 550 1776 qui
577 1720 597 1759 a
623 1702 711 1760 malis
739 1700 866 1776 publicis
894 1702 984 1774 afuiit,
1018 1704 1072 1776 qui
1099 1703 1159 1763 hoc

136 1794 214 1850 certe
228 1792 391 1849 maximum
410 1790 497 1849 debet
514 1792 631 1866 patriae
650 1808 720 1849 suae
738 1789 920 1866 beneficium,
940 1790 1020 1865 quod
1038 1808 1057 1849 a
1074 1792 1159 1851 fame

137 1881 215 1939 solus
244 1880 382 1939 dimissus
410 1881 462 1938 est.
508 1879 580 1938 audi
606 1881 722 1953 itaque,
751 1878 834 1953 audi,
861 1878 1043 1937 frumentum
1072 1881 1159 1940 istud

137 1968 217 2044 quod
239 1969 423 2041 lucrifecisti,
448 1969 554 2042 quanti
576 1967 661 2026 nobis
684 1970 806 2027 constet.

204 2056 309 2132 Aliqui
331 2057 469 2130 fortasse,
491 2057 614 2130 iudices,
638 2058 774 2130 miratur,
798 2058 916 2115 etiamsi
938 2057 1026 2115 huius
1049 2057 1156 2119 feralis
1171 2080 1194 2120 so

138 2147 209 2204 anni
231 2146 345 2205 fructus
365 2148 499 2220 cessavit,
518 2146 597 2221 quod
620 2149 721 2203 tamen
743 2146 798 2204 ille
816 2147 950 2222 superior
972 2146 1056 2222 longi
1080 2148 1156 2206 tem·

137 2236 217 2311 poris
240 2234 329 2294 beate
351 2234 517 2294 fecunditas
535 2235 674 2308 tabuerit,
698 2239 728 2293 et
746 2252 845 2293 secum
867 2236 924 2293 iste
943 2234 1062 2292 dubitet
1083 2237 1158 2311 quid

137 2325 228 2389 sitin
248 2343 344 2401 causa,
368 2343 420 2382 cur
438 2326 545 2383 civitas
569 2324 710 2400 opulenta
730 2323 878 2398 quondam
900 2323 977 2380 nihil
999 2323 1156 2403 frumeuti,

137 2415 197 2473 nisi
219 2416 251 2471 in
275 2433 335 2490 spe,
358 2413 503 2471 hebuerit.
545 2415 587 2472 sic
610 2412 657 2470 fit:
680 2412 733 2470 ubi
755 2414 861 2471 vicinis
885 2411 1059 2471 civitatibus
1083 2433 1155 2473 ven-

137 2502 243 2577 dimus,
267 2506 297 2562 et
320 2502 513 2577 undecunque
537 2502 649 2560 offulsit
671 2502 800 2575 lucrum,
826 2503 889 2560 sine
911 2504 1048 2576 respectu
1072 2503 1155 2564 salus
1168 2523 1192 2564 rs

137 2593 258 2668 publica
285 2591 446 2666 addicitur,
473 2593 506 2648 iu
533 2609 658 2650 vacuam
690 2592 904 2666 possessiouem
935 2591 1029 2649 fames
1059 2594 1154 2651 venit

137 2683 241 2755 etiam,
269 2683 295 2740 si
318 2680 391 2755 quid
413 2679 526 2739 residui
548 2683 624 2753 erat,
652 2681 687 2737 ut
714 2681 811 2737 carius
835 2678 956 2753 quidam
980 2677 1156 2757 venderent,

20 2764 25 2775 ¹
137 2771 175 2828 ad
199 2789 332 2828 annonae
355 2769 525 2828 incendium
543 2787 732 2845 suppressum
754 2769 806 2826 est.
842 2770 937 2826 testor
959 2770 1060 2827 tamen
1084 2789 1154 2829 con·

137 2860 293 2917 scientiam
310 2861 449 2931 vestram,
472 2876 531 2915 uon
553 2876 653 2916 sumus
673 2858 778 2930 questi,
802 2857 945 2932 quamdiu
963 2856 1054 2933 duplo
1075 2878 1154 2918 eme·

137 2946 250 3006 bamus.
296 2967 354 3006 nou
382 2948 462 3005 enim
490 2947 622 3023 vulgaris
649 2945 704 3003 illa
731 2944 813 3003 labes
841 2945 984 3004 frumenti
1010 2947 1071 3006 fuit
1098 2967 1192 3010 necao

209 3155 224 3202 2
243 3150 410 3204 mendicitas
428 3165 485 3202 una
504 3161 540 3213 βσ
609 3153 625 3200 4
643 3144 856 3216 prescripsimus
875 3157 943 3216 urm
967 3168 1017 3204 nos
1039 3153 1156 3209 saecula

137 3221 351 3290 prescripsimus
366 3223 449 3275 Klotz
500 3220 625 3274 comnis
639 3227 690 3270 BV
740 3217 892 3270 narrabant
905 3230 929 3273 J
981 3221 1160 3279 blamem'

138 3292 241 3345 9icB
291 3293 489 3346 10miseris1
543 3295 789 3344 12nonom.BM
841 3294 874 3341 13
893 3305 1101 3360 exponamusp

138 3365 178 3417 et:
199 3379 232 3416 cx
250 3372 278 3415 B
341 3370 373 3416 14
392 3364 553 3417 indicantur
573 3362 635 3416 Otr.
701 3363 733 3410 16
753 3357 820 3424 quia
839 3375 855 3411 a
873 3361 955 3415 malis
974 3374 995 3415 V
1059 3365 1156 3422 abfuit

138 3444 183 3499 Μβ
234 3438 265 3488 17
285 3434 579 3489 beneficium-fame
598 3437 685 3485 ΜΗ
732 3432 766 3479 20
786 3427 923 3496 aliquus
969 3435 1159 3493 mirantum!

138 3512 171 3560 ⁸22
190 3505 246 3559 ista
263 3516 287 3559 1
344 3511 377 3559 23
397 3516 509 3574 quurB
571 3509 605 3557 24
623 3500 694 3563 sits
753 3503 786 3551 25
805 3501 834 3550 et
852 3517 931 3566 oeus
986 3506 1106 3564 obfulsit
1123 3520 1155 3580 νς

137 3576 457 3646 effulsit13effulsits
528 3581 561 3630 28
581 3586 679 3626 amone
698 3578 726 3621 Ρ
