2430 3952
120 185 184 248 120
444 182 619 238 CORPORJS
637 182 804 238 PROIEG'PI

117 355 288 431 perseverat
306 370 368 411 esse
386 351 442 409 filii
461 353 508 412 sui
525 371 660 426 noverca,
674 355 710 411 ut
727 353 784 411 hac
802 351 978 411 crudelitate
991 352 1132 411 videatur

119 444 211 519 digna
238 461 313 516 quae
341 441 499 501 orbitatem
526 459 611 500 suam
636 441 808 518 intellegat,
837 443 864 500 si
890 442 970 499 ultra
999 441 1131 499 hostium

120 531 269 590 adfectum
292 532 343 606 qui
371 548 471 590 caesos
495 529 557 589 acie
580 549 667 606 saepe
689 530 891 604 tumularunt,
918 531 999 588 ultra
1012 555 1013 560 ¹
1026 533 1130 606 tyran·

118 639 185 696 nos,
211 621 294 678 ultra
316 620 460 694 latrones,
486 639 595 695 perum
615 619 706 678 habet
729 638 788 679 non
811 619 948 694 sepelire,
976 618 1034 678 nisi
1057 619 1131 678 alio-

118 731 184 768 rum
208 727 324 784 quoque
343 708 441 767 officia
463 707 649 784 praeciderit,
672 711 702 766 et
721 711 840 767 tantum
859 707 939 784 quod
955 727 1016 766 non
1033 708 1132 784 petita
1159 728 1172 769 c

120 819 156 858 ex
181 797 320 856 fluctibus
348 816 429 873 aqua
455 797 614 874 restinguit
640 797 754 874 ignem,
783 799 809 856 si
838 797 912 855 adeo
939 815 999 855 non
1027 797 1132 873 genuit

118 887 214 945 filium
245 886 296 945 sed
328 885 432 944 effudit
463 888 493 944 et
524 886 577 944 illc
604 885 716 945 infelici
748 889 838 962 partu
870 887 1021 963 ingratum
1051 886 1133 944 'uteri

118 977 236 1052 pondus
259 976 409 1051 exposuit:
436 974 507 1032 licet
528 974 647 1049 inputet
668 974 765 1050 nobis,
791 982 825 1033 ut
847 975 929 1033 volet
951 975 1031 1051 quod
1051 975 1132 1033 tueri

119 1085 179 1125 non
196 1067 304 1142 potest,
323 1063 474 1139 singulare
492 1065 595 1123 mariti
613 1063 800 1138 desiderium,
819 1064 917 1122 dicam
934 1066 1035 1123 tamen
1052 1064 1134 1139 q'uod

120 1154 224 1228 sentio,
248 1154 414 1211 excusatius
438 1152 549 1211 odisset
570 1153 668 1211 virum
691 1171 781 1228 quam
804 1151 906 1211 filium.
950 1171 1132 1228 quamquam
1147 1174 1173 1213 ro

118 1246 151 1302 in
172 1244 229 1300 hoc
250 1244 372 1300 mutuae
396 1241 531 1300 caritatis
554 1242 662 1300 affectu
684 1243 770 1317 paria
792 1242 929 1300 fecimus:
952 1241 1006 1300 illa
1030 1242 1131 1303 oculos

119 1333 241 1409 propter
258 1330 482 1390 matrimonium
500 1331 640 1407 neglexit,
664 1349 718 1408 ego
736 1330 842 1406 filium,
863 1331 960 1390 uicem
978 1330 1133 1389 caecitatis

120 1421 247 1480 orbitate
265 1420 408 1496 persolvi,
431 1421 533 1478 tamen
556 1439 614 1496 quo
637 1420 717 1477 inter
737 1421 811 1478 haec
830 1438 947 1496 quoque
970 1419 1049 1478 mala
1072 1420 1133 1494 pri-

120 1510 215 1569 vatim
237 1509 354 1568 doleam
376 1527 494 1569 necesse
513 1510 565 1585 est,
589 1527 706 1567 omnem
724 1509 809 1567 illem
828 1527 917 1585 quam
936 1510 1133 1581 contraxerat,

11 1623 13 1629 ·
119 1599 218 1675 perdit
245 1599 422 1674 opinionem.
467 1597 532 1656 iam'
554 1598 669 1657 inimici
700 1598 900 1673 triumphant,
929 1598 991 1656 iam
1020 1600 1134 1673 passim
1148 1617 1174 1657 ro

119 1689 270 1748 locuntur:
298 1681 363 1744 ‘illa
391 1688 518 1762 exempli
544 1687 659 1762 mulier,
686 1688 740 1746 illa
768 1687 879 1746 saeculi
906 1687 1007 1761 decus,
1034 1687 1134 1745 virum

119 1776 227 1835 redimi
248 1777 345 1836 noluit
368 1793 422 1835 nec
443 1775 539 1834 filium
562 1772 700 1852 sepeliri?

188 1865 347 1942 Equidem,
368 1865 495 1939 iudices,
517 1867 553 1923 ut
574 1865 683 1941 sentio,
707 1866 856 1925 neminem
878 1883 938 1923 non
960 1864 1134 1923 mortalium

120 1955 221 2013 favere
233 1953 371 2013 'hominis
391 1954 562 2029 sepulturae
580 1954 726 2029 convenit,
750 1956 821 2030 quia
842 1954 915 2012 haec
938 1972 998 2011 una
1021 1971 1068 2012 res
1088 1956 1133 2012 est

121 2042 203 2101 cuius
227 2043 393 2118 exemplum
416 2042 455 2101 ad
478 2060 578 2102 omnes
601 2044 758 2119 pertineat,
782 2043 907 2118 ideoque
930 2062 991 2101 non
1013 2040 1072 2101 nisi
1096 2042 1132 2100 ab
1148 2062 1175 2102 ao

120 2133 227 2191 ultimo
250 2127 410 2208 parricidio
429 2132 557 2210 exigitur
579 2151 675 2207 poena
697 2135 780 2191 trans
802 2132 960 2191 hominem.
998 2133 1089 2190 etiam
1107 2133 1134 2190 si

122 2240 181 2296 qua
209 2223 278 2279 sunt
304 2222 371 2278 iura
399 2239 475 2295 quae
505 2220 637 2296 obstent,
669 2221 695 2280 si
722 2223 823 2279 tamen
855 2223 999 2297 angustus
1027 2220 1133 2282 saltem

122 2310 209 2368 detur
231 2326 376 2383 accessus,
403 2328 568 2385 perquem
595 2310 708 2371 intrare
734 2311 904 2368 humanitas
931 2311 1039 2385 possit,
1062 2328 1134 2367 vera

71 2400 279 2457 uelamenta
303 2398 456 2458 occasione
474 2401 614 2458 contenta
637 2402 688 2459 est.
726 2401 788 2458 sive
812 2401 907 2458 omnis
930 2399 962 2455 in
985 2398 1133 2456 defunctis

123 2506 225 2548 sensus
244 2488 329 2563 perit,
344 2490 375 2546 et
392 2487 635 2563 adoperiendam
653 2489 826 2548 foeditatem
844 2486 1134 2561 subtrahendamque
1149 2506 1176 2546 as

123 2578 219 2637 dolori
240 2576 397 2636 materiam
419 2577 531 2635 mortui
552 2578 718 2637 viventium
741 2596 830 2637 causa
857 2575 1054 2652 sepeliuntur,
1083 2593 1135 2634 seu

123 2686 190 2725 cum
213 2666 252 2725 ad
273 2667 404 2724 infernas
428 2665 511 2725 sedes
535 2668 636 2725 anima
657 2667 809 2744 migravit,
831 2684 909 2725 unus
932 2665 980 2723 hic
1002 2665 1068 2723 luce
1090 2667 1134 2724 vi·

100 2754 189 2813 stduis
212 2755 305 2814 honos
329 2758 359 2814 et
382 2772 520 2830 suprema
541 2755 618 2831 face,
642 2758 676 2814 ut
698 2758 782 2815 vates
806 2757 914 2830 ferunt,
939 2754 1066 2831 petitam
1090 2754 1134 2811 ul-

123 2844 241 2903 terioris
272 2845 355 2919 ripae
388 2844 547 2904 stationem
578 2845 767 2923 contingrmt,
800 2863 875 2920 quae
907 2862 979 2903 vera
1011 2861 1076 2901 esse
1106 2845 1136 2901 et

123 2932 209 2992 credo
227 2932 318 2990 miser
335 2934 366 2993 01
383 2935 455 3010 opto
474 2933 533 2993 cito
556 2933 654 2992 iturus
673 2933 712 2992 ad
734 2933 846 3009 filium,
860 2936 938 2993 certe
961 2952 1059 2991 rerum
1082 2950 1134 2989 na·
1149 2952 1177 2992 eo

123 3027 192 3081 tura
218 3023 253 3079 ut
279 3022 312 3079 in
339 3022 517 3099 generandis
543 3022 717 3098 alendisque
743 3023 911 3082 hominibus
935 3041 1011 3098 qnae
1036 3040 1134 3081 neces-

132 3212 133 3216 1
196 3173 301 3227 lhaec
320 3194 339 3226 α
410 3180 526 3228 acuam
544 3173 705 3243 intellegat:
724 3193 781 3229 non
798 3192 873 3244 sarpr.
888 3195 919 3226 m
937 3173 984 3228 sed
1002 3174 1033 3226 iu
1048 3190 1134 3243 marp.

123 3243 187 3299 cdd.
206 3245 238 3297 in
256 3244 320 3298 11111
339 3245 460 3299 habetur
477 3261 558 3300 suam
575 3245 720 3316 intelligat
804 3253 819 3299 3
840 3245 1017 3300 cumularunt
1035 3252 1087 3296 BV

124 3315 209 3370 lille
229 3324 328 3370 00111
396 3317 511 3386 9potee
530 3325 558 3370 B
619 3316 791 3371 desiderium
809 3335 843 3388 ee
861 3317 1038 3370 desideraum
1056 3324 1084 3368 Β

125 3394 157 3442 11
177 3385 279 3441 effectu
297 3396 357 3441 lm
412 3393 446 3441 13
464 3388 552 3453 11000
611 3393 645 3442 14
663 3406 761 3458 quam:
781 3389 865 3458 quod’
885 3399 913 3443 P
983 3392 1016 3441 11
1034 3386 1137 3456 perdat

124 3504 157 3548 Μ
225 3458 355 3564 opiddem
377 3502 427 3545 V*
475 3499 510 3548 20
528 3509 583 3562 que
602 3511 653 3549 om.
667 3503 726 3548 ΒΜ
805 3503 840 3551 24
860 3495 999 3549 occisione
1020 3494 1081 3549 Otr.

125 3571 158 3619 at
176 3553 254 3639 111119
268 3567 386 3637 Macer.
401 3567 429 3635 δ)
483 3570 517 3618 28
536 3567 576 3619 et:
597 3581 646 3620 eeu
659 3568 738 3622 Dese.
794 3566 1140 3637 1111111...1111101111111
