2430 3952
104 209 156 264 XII
506 208 721 264 PRAEFATIO.

106 381 236 454 capitula
260 379 337 448 XX,
365 379 500 454 sequitur
527 379 615 438 index
643 378 907 438 declamationum:
935 381 1064 453 capitula
1092 383 1127 440 in

106 471 179 528 libro
211 470 453 528 exclamationum
480 468 526 526 Μ.
552 468 631 527 Fati
662 468 838 542 Quintiliani
869 486 943 541 quae
972 474 1042 527 sunt
1069 488 1126 528 uu-

104 575 186 618 mero·
207 558 272 615 XX
280 603 375 616 ......
396 575 484 632 quem
507 557 658 632 excipiunt
680 548 783 617 versus
806 557 850 616 hi:

256 648 372 706 inuidia
394 646 542 720 quondm
564 663 739 719 suppressus
761 647 968 705 rhetoricorum

300 740 334 795 in
357 738 448 794 iucem
470 736 555 794 redeo
580 735 780 809 Quintilianus
803 753 861 809 epo„

103 826 177 885 folio
203 828 244 885 90
266 826 300 882 in
323 825 403 884 calce
426 824 651 884 declamationis
673 824 744 882 XlX
766 824 934 885 rubricator
955 824 1125 884 uncialibus

103 915 213 975 litteris
235 915 309 974 haee
336 914 488 990 appinxit:
515 915 616 973 Marci
640 915 732 974 Fabii
756 913 930 988 Quintiliani
952 906 1122 993 diffiniamu-

105 1007 217 1064 tionum
239 1006 299 1063 siue
323 1021 483 1062 cumanum
505 1005 744 1062 succuniani
767 1004 840 1063 iiten
856 1004 980 1076 feliciter
1002 1005 1125 1078 suplicii.

105 1092 212 1169 quibus
241 1112 350 1152 nomen
380 1111 467 1151 suum
496 1094 638 1167 apposuit
662 1091 789 1151 Petrus
813 1091 995 1152 Pithoeus.
1025 1093 1125 1168 primo
1173 1154 1175 1159 ,

104 1182 177 1242 folio
201 1183 312 1260 legitur
335 1201 353 1240 a
375 1199 467 1239 manu
495 1182 607 1240 saeculi
628 1180 697 1239 XV:
725 1181 775 1240 Eu
797 1182 881 1240 libris
906 1180 1026 1255 Ooilcpii
1051 1182 1125 1241 Oru-

103 1274 171 1331 iorii
196 1272 355 1330 Trecensis.
397 1270 474 1329 nont
495 1272 527 1328 in
546 1269 693 1329 Vossiano
718 1270 896 1329 declamatio
921 1271 1016 1330 altera
1038 1290 1127 1347 prae-

103 1361 183 1420 cedit
205 1361 342 1435 primam.

172 1448 320 1518 Quattuor
339 1449 414 1508 alios
432 1448 524 1507 libros
543 1448 760 1506 Vaticanum
781 1450 893 1522 1773,
914 1448 1123 1508 Perizonia-

103 1559 185 1597 num
204 1540 241 1596 in
260 1538 351 1597 folio
374 1539 424 1612 14,
442 1537 722 1611 Hnnterianum,
744 1536 1029 1596 Laurentianum
1048 1539 1123 1614 plut.

104 1631 158 1688 sin.
182 1627 277 1701 XXH‚
302 1629 320 1686 8
350 1646 385 1685 ex
417 1626 520 1685 eodem
550 1627 632 1685 fonte
662 1627 765 1685 ductos
796 1645 858 1686 esse
889 1630 979 1702 atque
1009 1628 1128 1686 Monte--

103 1718 295 1795 pessulanum
326 1718 514 1794 cognoscitur
542 1734 590 1790 eo,
621 1715 700 1792 quod
724 1735 824 1775 omncs
855 1716 995 1775 exhibent
1018 1719 1048 1775 et
1070 1718 1128 1775 tri·

102 1808 216 1866 bunum
238 1806 407 1864 Marianum
429 1805 521 1864 nullis
544 1805 612 1865 aliis
640 1803 789 1865 codicibus
813 1807 964 1864 seruatum
987 1808 1017 1864 et
1040 1806 1125 1865 disti-

103 1897 192 1955 chum
219 1895 308 1953 illud:
335 1896 452 1952 inuidia
479 1896 625 1966 punctum
649 1912 708 1970 eqs.
733 1894 771 1952 ad
797 1895 999 1954 recensionem
1027 1894 1124 1954 deela-

103 1987 271 2043 mationum
298 1987 398 2041 tamen
427 1984 538 2041 nullius
561 1985 632 2041 sunt
653 1984 810 2058 momenti,
841 2002 908 2041 cum
938 1985 1022 2042 nulla
1045 2003 1130 2043 noua

103 2074 237 2133 subsidia
252 2072 289 2131 ad
304 2072 539 2148 cognoscendam
558 2072 714 2148 archetypi
731 2072 861 2131 indolem
880 2074 970 2147 atque
985 2077 1124 2153 natruam

103 2162 275 2239 praebeant.
316 2164 386 2222 sunt
416 2163 495 2220 enim
523 2162 627 2220 multis
657 2161 808 2236 inquinati
838 2162 920 2221 vitiis
950 2163 981 2219 et
1010 2164 1124 2221 coniec-

102 2255 188 2325 turis,
212 2259 303 2326 atque
326 2251 511 2325 irrepserunt
532 2252 565 2307 in
582 2249 819 2308 Laurentianum
842 2253 873 2309 et
895 2249 1124 2310 Perizonianum

103 2343 293 2417 potissimum
322 2341 435 2398 multae
458 2338 600 2399 lectiones
624 2340 759 2398 codicum
787 2339 907 2398 infimae
938 2343 1035 2399 notae.
1078 2344 1122 2398 at-

102 2433 203 2489 tamen
226 2431 257 2487 in
282 2429 394 2488 edendo
417 2428 540 2487 tribuno
563 2428 712 2502 Mariano,
740 2448 808 2487 cum
830 2429 1001 2488 melioribus
1025 2448 1124 2488 carea-

102 2539 169 2578 mus
188 2519 308 2577 auxiliis
324 2518 466 2576 Vaticani
485 2520 515 2576 et
529 2516 715 2576 Perizoniani
733 2519 875 2578 lectiones
893 2520 926 2576 in
945 2521 1125 2593 apparatum

102 2611 214 2684 recepi,
239 2627 297 2684 quo
322 2608 410 2664 simul
434 2606 667 2665 demonstrarem
691 2610 836 2682 quantum
860 2608 897 2666 ah
920 2607 1125 2684 Montepessu-

102 2698 172 2756 lano
197 2697 351 2756 distarent.

170 2788 216 2844 Ex
240 2785 347 2860 quibus
365 2785 566 2844 Vaticanus
589 2786 728 2843 latinus
749 2787 846 2843 1773
867 2777 1123 2866 (0)1)membra-

103 2895 212 2935 naceus
227 2875 340 2934 saeculi
354 2873 433 2947 XIV,
448 2875 545 2932 forma
558 2875 689 2932 maxima
703 2875 843 2932 foliorum
859 2876 909 2947 74,
923 2874 1061 2932 binarum
1076 2894 1126 2933 co-

102 2966 274 3023 lumnarum
293 2974 432 3021 versuum
448 2964 488 3021 56
510 2965 643 3022 continet
660 2964 779 3037 praeter
797 2961 1027 3023 declamationes
1047 2983 1125 3039 quae

103 3056 154 3113 fol.
186 3055 295 3111 1-54
326 3052 474 3124 obtinent,
507 3055 644 3127 excerpta
677 3070 712 3108 ex
744 3053 952 3110 controversiis
985 3051 1122 3111 Senecae.

103 3145 169 3203 erat
197 3142 267 3201 olim
293 3141 453 3216 Gasparini
481 3140 517 3198 de
540 3141 682 3198 Barziziis
711 3140 763 3214 qui
790 3138 900 3198 multas
928 3142 960 3198 in
987 3145 1122 3219 margine

103 3232 265 3307 adscripsit
292 3231 513 3289 observationes
541 3232 572 3287 et
596 3229 737 3287 lectiones
765 3227 898 3285 codicum
925 3231 1121 3305 interpolato-

102 3342 177 3380 rum.
221 3320 293 3395 qnid
323 3320 358 3378 de
387 3319 603 3377 declamatione
625 3309 686 3375 IIIb
708 3316 900 3391 iudicaverit,
928 3319 1011 3396 legas
1043 3320 1123 3394 apud

103 3411 304 3470 Dessauerum
326 3408 345 3465 l.
365 3409 384 3465 l.

102 3522 317 3531 ...ο-..ῥ-

173 3586 201 3648 1)
221 3580 255 3633 cf,
276 3577 444 3642 Hammon,
464 3595 490 3645 p.
508 3581 550 3643 20,
569 3575 752 3642 Dessauer,
771 3593 798 3644 p.
816 3582 856 3628 16.
925 3581 932 3592 “
