2416 3938
149 191 191 257 86
511 189 800 245 MATHEMATIOVS

149 362 215 435 ipsa
242 358 476 418 dissimulatione
504 357 674 419 cruciabis?
719 358 835 418 felicius
858 359 935 418 illud
960 377 1084 435 prorsus
1108 361 1163 433 cst,

148 449 250 525 palam
272 447 413 507 occidisse
437 465 524 522 quem
546 449 662 507 timeas.
709 466 777 506 cum
798 447 873 507 bene
900 450 932 506 in
955 448 1065 508 osculis
1087 449 1162 507 meis

148 536 390 612 amplexibusque
412 539 588 612 requiescas,
614 537 718 596 subeat
741 555 859 597 neeesse
882 540 927 597 est
948 539 1058 596 tacitas
1081 539 1163 616 cogi-

146 627 274 685 tationes
297 625 444 701 praedicti
470 626 596 701 periculi
618 629 724 700 metus,
747 629 785 700 et,
807 627 879 685 licet
904 627 1102 702 componatur
1125 625 1163 685 ad

146 716 255 775 fortem
278 714 496 791 superbamque
515 716 723 790 constantiam,
746 715 893 774 naturalis
911 716 1012 774 tamen
1030 716 1161 774 hominis
1187 734 1195 775 a

145 803 303 863 infirmitas
330 806 431 880 potest
457 806 520 862 tam
546 823 751 880 percussorem
777 805 882 863 timere
907 822 998 880 quam
1024 806 1160 863 mortem

147 894 261 969 explica
283 910 350 967 nos,
373 895 467 968 pater,
495 894 559 951 tam
581 893 689 952 misero
713 892 852 968 tristique
876 892 1021 968 conplexu
1043 895 1074 951 et
1097 892 1162 952 lon-

147 981 285 1059 gissimas
313 981 527 1041 sollicitudines
554 981 637 1040 brevi
664 982 761 1041 recide
788 981 942 1058 patientia.
988 982 1089 1040 minus
1116 983 1161 1041 in-

146 1070 270 1148 dignum
293 1071 346 1144 est,
370 1073 405 1128 ut
427 1072 547 1145 moriar,
570 1073 597 1129 si
619 1072 760 1130 innocens
778 1071 899 1131 futurus
917 1089 991 1145 sum,
1014 1088 1108 1146 quam
1127 1073 1162 1129 ut

146 1162 255 1232 vivam,
279 1161 305 1218 si
327 1159 484 1235 parricida.
1174 1179 1195 1223 a

212 1247 363 1307 Denuntio
386 1247 459 1322 tibi,
486 1250 581 1323 pater,
609 1249 697 1307 etde
724 1266 863 1324 suprema
890 1249 1067 1307 necessitate
1093 1267 1162 1308 con-

146 1336 238 1397 fiteor.
276 1339 337 1395 iam
360 1357 419 1397 non
438 1339 509 1396 sunt
531 1356 614 1396 meae
636 1339 795 1413 potestatis
818 1338 875 1395 hae
893 1355 1014 1397 manus:
1035 1355 1097 1397 non
1115 1355 1161 1396 re·

146 1445 214 1504 gere
237 1426 397 1500 demerem,
419 1445 479 1485 non
497 1428 625 1485 retinere
644 1426 766 1486 sufficie.
803 1427 886 1485 venit
903 1426 956 1485 ille
973 1427 1074 1485 nescio
1094 1427 1162 1502 quis

146 1516 242 1590 ardor,
261 1533 320 1574 non
340 1515 444 1590 sentio,
462 1534 522 1573 non
539 1517 696 1574 intuentur
714 1516 801 1574 oculi.
838 1518 910 1574 tuno
928 1516 1030 1575 omnia
1047 1515 1161 1591 incipio

146 1605 228 1679 seira
247 1623 314 1662 cum
337 1606 420 1682 gesta
443 1606 522 1664 sunt.
568 1604 641 1678 quid
663 1606 697 1663 tu
720 1624 767 1663 me
790 1604 969 1664 lacertorum
991 1605 1195 1679 viriumqucrs

145 1693 287 1752 beneficio
306 1695 447 1753 stravisse
470 1712 565 1768 nuper
586 1693 686 1752 hostes
708 1690 819 1768 putas?
856 1695 1002 1769 quantum
1020 1692 1161 1752 dicuntur

146 1800 282 1841 narrasse
309 1780 443 1857 captivi?
475 1783 573 1841 nescio
602 1801 691 1857 quem
717 1784 749 1840 in
775 1800 823 1841 me
850 1783 1031 1841 monstruosi
1059 1783 1159 1841 vultus

146 1871 285 1929 horruere
314 1874 510 1947 conspectum.
555 1888 615 1929 non
642 1870 703 1930 tela
730 1871 888 1946 iaciebam‚
919 1889 980 1930 non
1006 1871 1160 1931 acalaber

145 1959 234 2034 ictus,
261 1959 419 2019 furialibus
446 1961 537 2019 miser
563 1960 679 2020 facibus
706 1959 861 2034 ardebam,
889 1961 920 2018 et
945 1961 1050 2036 pectus
1078 1958 1157 2021 istud

144 2067 204 2106 non
230 2048 337 2122 lorica,
367 2068 425 2107 nou
453 2049 576 2124 ferrum,
610 2049 660 2108 sed
688 2049 747 2107 diri
774 2050 958 2124 serpentium
988 2048 1187 2109 clauserantss

145 2156 243 2196 nexus.
290 2155 349 2196 nou
372 2139 431 2196 fuit
453 2137 529 2195 illud
551 2156 665 2215 pugna,
690 2156 750 2196 non
774 2139 859 2197 acies.
905 2137 1039 2197 inbelle
1063 2138 1154 2214 parri-

144 2225 210 2284 cida
232 2226 395 2301 vincebam,
419 2229 604 2286 excesserunt
626 2245 716 2303 opera
739 2245 805 2285 mea
827 2226 1025 2285 humanarum
1048 2228 1153 2286 virium

143 2314 387 2374 mediocritatem.
434 2315 576 2391 quicquid
598 2317 711 2375 factum
734 2317 792 2390 est,
815 2316 925 2390 rabies,
948 2315 1069 2375 insania
1089 2315 1151 2373 fuit
1194 2336 1196 2353 ¹

92 2403 128 2460 21
143 2404 291 2481 praedico,
314 2407 415 2480 testor,
438 2423 497 2462 non
517 2423 572 2482 ego
589 2404 785 2480 parricidium
802 2405 921 2479 faciam,
944 2423 1005 2464 non
1023 2423 1080 2483 ego
1097 2404 1151 2462 for·

143 2496 215 2553 titer
241 2495 306 2552 feci.
353 2492 433 2570 quod
459 2496 486 2553 si
508 2493 572 2552 ulla
598 2495 715 2552 ratione
742 2512 849 2553 casuve
878 2492 956 2552 effici
982 2495 1096 2569 potest,
1120 2492 1178 2549 ute

143 2583 296 2659 praedicta
318 2601 377 2642 non
400 2581 488 2657 fiant,
510 2582 599 2641 fidem
621 2585 761 2657 vestram,
783 2582 815 2640 P.
836 2580 876 2656 0.,
902 2585 936 2641 ut
957 2582 1035 2640 mihi
1056 2582 1150 2658 potius

143 2674 313 2731 innocentia
333 2691 423 2746 quam
445 2672 508 2730 fato
532 2670 686 2731 debeatur:
711 2691 765 2749 ego
785 2670 867 2729 dicar
885 2689 1070 2749 expugnasse
1087 2686 1149 2730 eon·

144 2762 339 2834 stitutionem,
362 2762 485 2838 fregisse
509 2762 630 2820 vincula
651 2761 837 2820 necessitatis
860 2777 952 2835 meae,
976 2778 1011 2819 ac
1033 2758 1149 2836 pietatis

144 2868 227 2907 meae
257 2848 395 2907 laudetur
423 2849 590 2927 integritas.
637 2850 680 2908 dii
707 2869 767 2908 non
794 2850 907 2923 sinant,
936 2852 972 2908 ut
999 2850 1081 2908 inter
1107 2864 1150 2907 me

216 3113 229 3160 1
249 3105 359 3160 felicius
373 3106 445 3160 illud
464 3107 621 3162 dubitanter
638 3108 749 3176 scripsi:
768 3106 878 3161 felicior
891 3106 940 3160 ille
959 3128 995 3174 ως
1014 3106 1150 3162 feliciuss

145 3219 160 3266 2
184 3212 300 3267 osculis:
324 3195 411 3267 oedtis
433 3222 462 3279 ἴς
487 3213 575 3267 oculis
595 3226 615 3266 o
691 3219 706 3265 6
726 3230 823 3283 quam:
844 3213 919 3282 quod
937 3223 965 3267 Ρ
1044 3209 1151 3267 8bresi

144 3284 207 3338 cedi
225 3284 318 3338 recide
338 3293 370 3350 Ρ,
389 3284 451 3339 cedi
470 3284 521 3339 dal.
535 3288 641 3340 maa3
708 3283 857 3355 indignum
875 3286 919 3339 est
935 3285 978 3340 bis
996 3294 1025 3338 P
1089 3284 1151 3338 but

143 3355 247 3408 vivam:
265 3355 358 3409 vivam
376 3365 403 3408 P
471 3362 503 3408 14
521 3356 607 3410 sentit
626 3378 644 3408 α
663 3355 717 3426 (vel
735 3357 824 3411 sentio
842 3358 884 3426 m)
958 3361 991 3410 15
1010 3359 1043 3410 tu
1061 3373 1111 3411 cm.
1127 3362 1152 3409 Ι

144 3431 178 3479 20
197 3429 358 3495 serpentum
374 3437 399 3480 J
477 3433 510 3481 21
529 3427 606 3481 istud
625 3439 646 3479 o
715 3427 806 3498 ageses
825 3437 853 3480 Β
923 3431 957 3480 27
976 3426 1056 3499 ἰαξδο
1074 3434 1106 3482 Ι

144 3503 177 3551 28
203 3497 379 3551 necessitatis
404 3514 483 3552 meae
510 3514 543 3553 ac
569 3498 685 3567 pietatis
712 3514 792 3552 meae
816 3509 854 3553 ιιι
885 3498 1064 3554 necessitatis
1092 3511 1151 3553 mes

143 3569 235 3637 pietas
259 3584 321 3623 mee
344 3570 445 3637 reliqm
517 3575 550 3623 29
569 3571 633 3640 me}
651 3579 684 3624 Μ
