2430 3952
419 215 654 271 DEOLAMATIO
672 215 737 270 XIX
752 221 864 271 12-14.
1081 213 1146 278 349

132 388 164 444 et
186 402 292 460 passus
315 403 382 443 sum
404 384 518 460 pariter
545 388 576 443 et
600 385 665 444 feci.
711 403 771 444 non
798 382 926 443 vacabat
949 403 1034 444 aures
1062 402 1147 458 prae-

133 478 212 533 stare
240 474 350 546 verbis,
379 476 512 549 excipere
540 475 680 552 gemitus,
709 475 867 532 aestimare
890 473 1053 550 singultus,
1077 491 1147 532 avo-

133 564 213 622 cavit
241 582 289 621 me
320 563 483 637 contentio,
513 561 611 638 dolor,
647 563 772 638 orbitas,
801 561 1010 638 parricidium:
1047 561 1148 620 omnia

132 653 213 711 facta
243 653 314 710 sunt
343 652 534 711 festinatione
563 652 728 729 praecipiti.
776 652 856 710 idem
887 650 982 726 patris
1013 650 1148 708 adtectus

104 744 178 802 sest
200 744 348 816 torquere,
370 744 407 800 ut
429 741 514 813 scias,
537 741 678 815 occidere,
702 744 737 800 ut
759 742 882 799 nescias.

201 825 247 888 ‘In
265 825 384 905 meam',
406 830 515 905 inquit,
534 824 702 888 ‘infamiam
720 825 822 889 taces’.
858 830 904 888 ita
921 846 1001 887 nunc
1019 826 1149 902 primum

132 918 251 978 laboras
272 918 381 977 misera
404 919 439 977 de
463 920 556 993 fama,
587 921 708 996 etpost
736 919 819 978 unici
847 921 974 976 mortem
998 916 1147 992 pertinere

133 1007 171 1065 ed
194 1011 223 1066 te
247 1008 345 1083 coepit
369 1008 442 1083 quid
470 1008 633 1082 loquantur
658 1005 813 1067 homines?
859 1007 972 1066 scilicet
999 1005 1078 1064 filins
1101 1004 1147 1063 in-

132 1114 241 1173 pensus
263 1100 316 1170 est,
339 1099 374 1155 ut
397 1097 591 1171 erubesceres,
616 1099 651 1156 ut
672 1099 750 1155 male
774 1094 915 1155 audires?
959 1094 1071 1154 adeone
1094 1094 1149 1153 hoc

91 1186 267 1261 inceptanti
296 1205 356 1244 non
386 1189 450 1244 erat
480 1187 565 1260 satis,
595 1206 658 1244 rem
687 1189 783 1245 totam
807 1184 987 1244 commisisse
1015 1181 1150 1242 rumori?

134 1293 188 1352 ego
211 1294 281 1334 vero
299 1294 346 1332 me
369 1275 467 1333 famae
485 1278 565 1348 tuae,
588 1275 704 1348 mulier,
728 1275 853 1351 opposui
877 1277 908 1333 et
926 1274 1004 1332 inter
1021 1275 1149 1331 matrem
1165 1269 1204 1328 14

133 1363 287 1438 filiumque
309 1364 425 1421 medius
443 1362 636 1438 parricidium
654 1364 720 1439 feci,
743 1365 866 1422 unicum
886 1362 990 1435 occidi,
1013 1382 1050 1421 ne
1074 1361 1147 1436 qnid

135 1451 218 1509 aliud
240 1453 432 1527 loquerentur
454 1451 596 1512 homines.

200 1540 357 1616 Alioquin,
381 1540 406 1599 si
434 1541 490 1600 hoc
513 1545 600 1616 copto
629 1541 709 1617 qnod
731 1543 834 1617 putas,
866 1559 1019 1617 quousque
1042 1538 1149 1600 taceo?

93 1652 119 1693 re
134 1630 166 1687 in
190 1629 270 1704 quod
298 1631 416 1704 tempus
447 1630 550 1689 differo
580 1630 664 1689 illam
693 1649 784 1705 quam
812 1650 860 1689 me
889 1632 980 1706 putas
1008 1647 1151 1705 premere,

134 1716 258 1778 vocem?
300 1736 364 1776 ecce
387 1722 490 1778 reatus
510 1718 654 1778 iudicium
677 1719 849 1794 pronuntio,
873 1738 928 1795 ego
951 1721 1054 1776 tamen
1078 1719 1152 1777 scire

134 1828 181 1866 me
204 1826 288 1885 nege.
330 1808 481 1884 egregiam
507 1807 655 1867 rationem
678 1807 890 1886 malignitatis:
917 1809 1073 1866 locuturus
1098 1807 1152 1866 ad-

134 1914 237 1955 versus
256 1915 376 1956 uxorem
395 1896 466 1974 feci,
478 1917 514 1954 ne
533 1897 607 1955 mihi
626 1896 803 1956 crederetur.
840 1898 938 1956 fateor
955 1898 1058 1974 igitur,
1077 1896 1152 1954 nihil

135 1985 173 2043 ad
203 1988 317 2044 certum
346 1985 608 2061 indubitatumque
630 1985 768 2062 perduxi,
797 1987 852 2046 hoc
884 1989 929 2045 est
959 1987 1032 2061 quin
1061 1985 1152 2044 immo

93 2097 121 2138 so
134 2078 257 2150 propter
279 2074 360 2150 quod
389 2075 428 2132 ad
450 2078 576 2134 mortem
604 2094 698 2151 usque
722 2075 869 2135 contendi.
915 2094 975 2134 non
1003 2075 1155 2150 explicant

134 2167 284 2222 tormenta
298 2164 502 2239 quaestionem
516 2183 592 2241 quae
607 2165 754 2224 occidunt.
787 2159 895 2240 ‘quid',
908 2165 1017 2239 inquit,
1033 2159 1151 2222 ‘dixitP'

135 2253 252 2311 telicem
275 2255 318 2327 te,
340 2253 463 2328 misera,
485 2254 511 2313 si
533 2256 628 2313 nescis
652 2255 725 2329 quid
748 2254 835 2313 dixit!
877 2254 922 2312 ita
945 2273 1005 2312 non
1029 2271 1059 2311 es
1083 2272 1152 2313 con-

134 2344 220 2400 tenta
243 2342 424 2402 conscientia
446 2341 522 2402 tua?
562 2362 622 2401 non
647 2343 758 2402 sufficit
787 2343 866 2418 quod
888 2361 949 2402 non
971 2342 1078 2400 habuit
1101 2343 1152 2400 ille

138 2430 216 2505 quod
238 2434 373 2508 negaret,
405 2432 484 2507 quod
506 2430 673 2491 fateretur?
712 2433 810 2508 poscis
840 2432 932 2491 rerba
961 2433 1153 2507 quaestionis,

96 2542 123 2583 ss
138 2521 226 2596 cogis,
250 2522 412 2594 extorques.
454 2523 560 2596 testor,
588 2524 623 2580 tu
645 2522 732 2595 facis,
760 2541 797 2580 ne
824 2523 919 2596 possis
942 2539 1051 2599 negare
1075 2518 1156 2593 quod

137 2608 246 2667 dixero.
298 2608 370 2683 quid
406 2607 501 2669 dixit?
551 2628 672 2685 parasse
709 2629 739 2668 se
775 2610 950 2685 parentibus
987 2606 1155 2689 venenum?

137 2715 237 2774 negas.
282 2695 459 2772 proditionis
488 2700 617 2775 agitasse
644 2697 813 2758 sermones?
840 2717 940 2776 negas.
985 2697 1154 2772 tyrannidis

136 2788 227 2846 inisse
251 2784 427 2844 consilium?
456 2805 555 2865 negas.
598 2793 628 2846 et
651 2787 793 2863 quicquid
821 2788 936 2861 dixero,
958 2785 1089 2864 negabis.
1136 2804 1154 2845 ο

136 2876 232 2935 bonae
256 2876 452 2935 eonscientiae
474 2877 596 2935 incauta
617 2877 807 2952 simplicitasl
848 2878 893 2935 ita
916 2894 981 2941 non,
1000 2875 1096 2950 times,
1118 2894 1155 2933 ne

97 2987 124 3026 eo
139 2968 257 3024 coactus
280 2965 363 3039 loqui
390 2965 486 3024 multa
508 2964 633 3044 fingam,
660 2966 757 3024 multa
784 2962 981 3041 componam?
1022 2966 1048 3024 si
1070 2967 1155 3040 potes

212 3142 226 3189 6
245 3136 339 3204 inquit
358 3153 411 3190 om.
431 3144 469 3202 M,
487 3152 563 3204 supr.
582 3156 614 3188 m
686 3140 719 3188 10
739 3135 874 3189 cantandi
893 3144 931 3202 M,
954 3134 999 3188 vol
1019 3101 1154 3204 captandi

139 3259 214 3311 supr.
233 3263 265 3295 m
362 3246 499 3297 remotam
517 3251 556 3310 Β;
579 3258 638 3297 rem
656 3244 754 3296 notam
773 3251 805 3296 Μ
900 3224 1057 3296 comississe
1076 3251 1104 3295 Β

141 3354 175 3402 14
193 3314 293 3403 hoc15
370 3355 402 3404 16
421 3349 615 3419 pronuntiatio
637 3349 698 3404 Obr.
779 3353 813 3403 18
831 3331 924 3432 fateor¹
941 3358 969 3402 Β
1050 3353 1082 3402 19
1102 3330 1155 3402 ho⁰

140 3483 168 3527 Β
256 3478 289 3526 27
308 3473 476 3543 proditionis
488 3491 618 3544 -negas
641 3491 692 3529 om.
711 3483 736 3528 J
835 3439 965 3543 tysedim
989 3475 1019 3545 (d
1037 3491 1070 3529 ex
1088 3477 1110 3543 t)
1130 3483 1158 3527 Β

141 3603 174 3651 28
192 3580 279 3673 nega,s
298 3607 326 3651 Β
396 3599 467 3668 quid
485 3609 523 3667 Μ,
542 3599 748 3670 quiasuperius
