2430 3952
139 194 143 199 “
155 184 196 248 76
516 183 804 239 MATHEMATIGVS

153 370 257 413 causas
286 371 359 428 quos
387 354 504 414 sceleris
532 355 725 428 conscientia,
757 371 830 428 quos
862 355 983 413 maioris
1015 356 1167 414 cruciatus

152 445 249 502 metus
276 442 307 500 in
335 460 473 518 suprema
501 443 698 518 compelleret.
744 443 837 520 igitur
859 462 896 502 ne
923 443 1071 519 supplicia
1097 462 1167 519 pro-

153 533 257 607 perato
285 530 472 591 lucrarentur
498 531 595 606 obitu,
622 549 723 592 rursus
750 533 783 589 in
809 549 936 608 poenam
963 534 1097 592 nocentis
1120 534 1166 590 in·

153 620 263 696 sepulti
281 620 411 696 corporis
429 621 582 680 revocavit
599 621 718 680 iniuria.
754 622 802 679 lox
819 620 947 696 placida,
960 621 1043 680 mitis
1060 639 1167 681 causas

153 710 257 768 mortis
279 709 364 768 reddi
386 710 491 784 voluit,
514 728 574 768 non
597 709 757 768 aestimari
801 727 923 785 possum
944 710 1048 787 igitur,
1071 708 1103 767 P.
1124 708 1167 785 0.,
1192 731 1203 771 ι

152 798 273 874 publica
295 798 425 874 quadam
447 816 518 857 voce
541 800 656 875 generis
679 798 802 857 humani
824 798 999 874 respondere
1022 817 1167 874 quaeren-

152 885 233 946 tibus
257 905 361 946 causas
383 889 489 946 mortis
511 888 720 965 interrogatus.
758 889 791 945 at
814 906 869 965 ago
893 886 1044 947 difficilius
1061 888 1167 948 redde-

152 995 215 1035 rem
238 975 326 1034 vitae.
373 976 445 1050 quid
466 975 560 1050 iuvat,
584 995 601 1035 ο
624 977 732 1035 misera
754 976 933 1051 mortalitas,
956 976 1088 1035 animam
1112 996 1169 1052 per

152 1066 200 1123 tot
218 1081 319 1138 annos,
342 1065 433 1123 etiam
451 1063 478 1123 si
495 1066 603 1123 natura
625 1066 769 1141 patiatur,
791 1084 845 1140 per
861 1064 979 1123 infinita
996 1068 1167 1141 temporum

153 1153 252 1228 spatia
277 1153 450 1212 trutissimo
478 1156 609 1229 corporis
636 1155 763 1213 retinere
790 1152 965 1229 complexu?
1009 1157 1036 1214 si
1058 1157 1168 1214 cuncta
1182 1176 1205 1216 ιι

153 1242 264 1319 gaudia
290 1243 406 1315 nostra,
433 1243 458 1301 si
481 1242 653 1319 voluptates
681 1244 712 1301 et
739 1260 931 1318 quaecunque
959 1262 994 1302 ex
1020 1243 1077 1302 hac
1100 1243 1166 1301 uni-

153 1332 295 1390 versitate
326 1330 430 1389 mundi
461 1331 509 1391 vel
541 1331 706 1391 sollicitant
737 1334 859 1407 aspectu
891 1332 939 1391 vel
969 1332 1168 1390 blandiuntur

153 1437 222 1494 usu,
248 1419 406 1498 diligenter
428 1421 573 1496 excutias,
599 1423 667 1480 tota
688 1421 755 1480 vita
775 1419 904 1480 hominis
926 1440 1002 1480 unus
1025 1422 1071 1479 est
1093 1421 1166 1479 dies.

152 1509 279 1569 humiles
298 1528 417 1584 prorsus
436 1509 628 1585 abiectosque
645 1511 760 1570 mentes
779 1528 853 1585 quas
870 1528 930 1569 non
948 1510 1075 1586 implent
1092 1511 1167 1569 haeo

154 1597 257 1658 eadem
280 1615 453 1674 semperque
470 1599 639 1658 redeuntia:
662 1601 697 1658 ut
715 1600 768 1674 qui
784 1598 916 1660 honestis
934 1601 1074 1675 operatus
1094 1598 1166 1658 arti-
1182 1620 1205 1661 u

152 1686 207 1747 bus
230 1689 307 1747 sciat
325 1688 391 1762 quis
408 1687 476 1747 finis
494 1687 647 1761 bonorum,
670 1706 745 1764 quae
764 1707 835 1747 vera
853 1687 989 1762 felicitas,
1011 1706 1167 1763 nunquam

153 1775 211 1836 sibi
233 1775 386 1835 videbitur
405 1779 598 1852 praematura
619 1779 715 1836 morte
737 1776 886 1852 periturus
910 1778 941 1836 et
962 1777 1037 1836 lucis
1061 1795 1166 1837 causas

153 1865 191 1922 ad
214 1864 348 1924 animum
369 1866 558 1940 mentemque
580 1865 772 1924 referentium
798 1866 946 1924 neminem
969 1865 1078 1925 cotidie
1101 1865 1166 1924 vita

102 1949 140 2005 10
153 1973 213 2013 non
237 1954 337 2013 satiat.
374 1953 539 2013 relaturum
557 1973 636 2013 nunc
653 1972 701 2012 me
723 1955 839 2030 putatis
858 1956 970 2030 quanto
992 1955 1081 2030 plura
1104 1954 1167 2014 sint

151 2043 184 2099 in
211 2042 268 2100 hac
299 2044 366 2101 aevi
396 2043 544 2102 brevitate
576 2042 731 2120 fugienda,
763 2044 1005 2119 comparaturum
1036 2043 1165 2120 gaudiis,
1179 2065 1205 2104 so

151 2131 301 2206 prosperis
319 2132 425 2206 metus,
443 2132 638 2191 calamitates.
675 2132 738 2207 illa,
757 2132 811 2192 illa
829 2134 1027 2207 aestimemus,
1040 2135 1166 2209 propter

154 2238 230 2295 quae
252 2219 414 2297 fatigamus
433 2222 511 2280 votis
531 2221 610 2295 deos,
632 2223 755 2297 propter
774 2239 849 2296 quae
870 2221 990 2280 brevem
1013 2222 1166 2298 querimur

153 2310 289 2368 aetatem.
326 2328 432 2384 nempe
450 2311 520 2368 sunt
537 2309 664 2384 vanitas,
685 2310 802 2386 cupido,
820 2311 947 2384 luxuria,
969 2309 1071 2370 libido.
1103 2329 1165 2369 non

151 2398 245 2474 pudet
270 2400 393 2475 propter
419 2398 492 2456 haec
519 2398 596 2458 ferre
621 2397 803 2473 debilitatae,
830 2399 942 2474 luctus,
964 2399 1063 2475 spatia
1085 2418 1165 2458 mor-

151 2486 270 2561 borum,
300 2489 343 2560 et,
373 2504 441 2545 cum
466 2487 557 2546 hosat
583 2487 720 2562 evadere,
749 2488 839 2547 malle
868 2486 953 2564 pati?
998 2488 1076 2565 finge
1105 2489 1165 2547 tibi
1178 2509 1204 2550 ιι

152 2576 236 2636 velut
257 2575 354 2652 ipsam
376 2575 560 2651 proclamare
583 2579 735 2636 naturam:
757 2579 893 2653 receptus
915 2596 946 2637 es
964 2577 996 2634 in
1018 2578 1074 2636 hoc
1095 2577 1164 2652 pul-

153 2665 330 2725 cherrimum
356 2665 460 2723 mundi
482 2683 640 2741 rerumque
667 2668 849 2726 consortium
877 2667 908 2725 et
928 2686 983 2742 per
1006 2666 1163 2726 succeden-

224 2805 238 2853 1
259 2815 370 2867 quos-
383 2797 554 2853 conscientia
567 2815 618 2855 om.
629 2808 661 2852 M
712 2799 836 2854 sceleris:
856 2818 869 2853 s
883 2802 966 2882 priua
983 2802 1015 2854 ic
1032 2817 1087 2856 rae.
1102 2807 1130 2853 Β

153 2940 265 2991 quos-
277 2923 417 2978 cruciatus
436 2925 535 2979 toros.
551 2933 584 2977 11
653 2929 668 2977 3
688 2923 782 2979 obitur
801 2934 844 2977 as
859 2887 964 2994 (obibdr
978 2933 1013 2992 Β,
1031 2941 1105 2993 capr.
1121 2926 1163 2993 o);

152 2993 244 3049 obiter
262 3004 294 3048 Β
344 2997 484 3050 nocentis:
503 2997 559 3049 ·tes
581 3004 634 3059 roy
687 2994 834 3066 insepulti·
856 2995 1030 3050 ialtorum
1018 3012 1049 3050 aa
1066 3012 1121 3050 ras.
1137 3004 1166 3048 Β

152 3065 587 3135 4iniuriam1’‚mdcl..maa3
640 3066 885 3151 miitissteaffl
932 3066 1163 3138 θᾳυιῄᾱιιιιιὴ

153 3137 347 3207 quandamv3
367 3137 424 3207 qda
442 3146 479 3206 Β,
498 3154 566 3194 corr
581 3159 613 3191 ιιι
685 3137 899 3207 linterrogatis
917 3147 970 3190 BV
1037 3137 1074 3191 ad
1092 3147 1114 3189 V

152 3208 349 3279 einfinigdccn
384 3213 417 3262 13
431 3224 497 3265 usu:
511 3209 597 3273 usus
611 3210 667 3278 (ιι
654 3225 780 3280 namorp.
790 3207 835 3262 vel
843 3211 906 3279 usu)
943 3208 1163 3279 dilengenterB

151 3325 253 3371 corso
304 3315 337 3369 14
355 3280 479 3401 Riecteq3
497 3325 525 3368 Β
578 3315 1112 3384 15111111.ᾳυίεΒνβσςᾳυίεᾳιιίεΜ

152 3387 343 3505 oper-aculam
362 3423 494 3491 operatur
512 3430 544 3474 Β
596 3426 629 3476 16
648 3421 796 3476 bonorum:
816 3421 988 3476 honorums
1040 3424 1124 3492 vera}
1137 3431 1165 3474 Β

153 3498 186 3547 17
204 3493 361 3562 primatura
380 3504 407 3547 Β
482 3498 515 3547 19
538 3509 583 3547 me
601 3509 675 3546 nuno
697 3502 719 3545 V
792 3499 826 3546 21
850 3493 901 3547 illa
923 3493 1002 3548 semel
1020 3496 1116 3562 posuit
1135 3503 1167 3546 Β

152 3570 187 3618 26
202 3580 243 3619 es:
259 3567 302 3619 cst
315 3574 336 3617 v
369 3570 402 3618 27
418 3563 644 3619 succendentium
654 3564 1167 3634 BV3succedent1um(1cnroo,m)M
