2430 3952
140 183 206 247 232
288 234 294 244 .
424 203 434 224 ¹
457 180 712 237 CADAVERIBVS
731 181 835 238 PAS'l'l

139 354 242 411 tamen
272 371 366 410 unum
392 351 550 410 videbatur
580 351 745 410 remedium
776 370 836 410 non
867 353 1022 426 expectare
1051 354 1160 414 mortis

141 441 220 499 diem
239 442 269 499 et
286 441 486 500 tabescentem
500 440 610 500 cotidie
624 442 763 516 spiritum
777 440 1055 515 supervenientibus
1071 443 1161 504 malis

141 529 308 589 subducere.
341 550 411 588 nam
424 532 456 587 in
470 530 549 590 fame
563 548 649 589 nemo
660 529 778 606 quidem
794 529 941 588 mortibus
955 531 1092 592 inmunis
1108 536 1161 592 est.

51 620 53 625 ’
207 617 249 676 At
271 637 331 677 non
352 621 406 677 tua
430 619 519 694 culpa
542 619 635 677 fames
659 620 765 696 coepit,
788 618 839 677 sed
857 619 1049 679 vulneratum
1072 623 1160 700 iugu-

140 708 224 782 lasti,
247 707 429 768 titubantem
451 708 597 783 stravisti,
620 709 786 767 fumantem
808 708 976 767 incendisti.
1021 729 1060 768 ne
1087 711 1192 787 quide

55 835 58 839 -
140 798 242 873 inique
264 797 382 872 faciam,
406 796 567 855 dividenda
590 799 660 855 sunt
681 798 769 856 mala.
811 799 940 873 primam
962 798 1077 858 famem
1100 801 1160 860 for·

139 888 231 945 tunae
258 886 377 961 inputo,
406 886 543 944 ultimam
569 886 636 944 tibi.
682 905 796 945 moram
818 889 903 945 tuam
929 887 1093 948 itineribus
1117 908 1161 951 se·

139 994 221 1051 paro.
259 974 386 1050 denique
410 994 444 1033 ex
468 993 502 1033 eo
524 975 659 1052 inopiam
681 975 739 1033 tibi
762 976 867 1050 obicio,
893 993 928 1032 ex
952 981 1162 1054 quopropter

140 1064 259 1123 tetuli.
295 1064 398 1139 itaque
416 1066 525 1123 caritas
548 1082 691 1138 annonae,
713 1084 815 1122 rarum
838 1065 1029 1140 frumentum,
1053 1067 1161 1128 caedes

140 1171 176 1212 ac
194 1153 322 1228 direptio
344 1171 485 1229 pecorum
507 1153 618 1211 fuerint
640 1154 787 1226 fortunae,
810 1153 923 1212 fuerint
941 1154 1022 1229 anni,
1044 1154 1162 1216 fuerint
1172 1176 1195 1218 u

139 1245 316 1318 temporum.
362 1242 454 1301 aliam
482 1242 684 1302 condicionem
710 1241 821 1301 habent
849 1243 959 1301 civium
988 1247 1104 1304 mortes
1133 1248 1162 1306 et

140 1331 317 1390 cadavemm
350 1331 416 1391 dira
451 1331 593 1390 laceratio
627 1335 657 1390 et
687 1332 803 1406 peiores
834 1332 938 1407 inopia
970 1331 1037 1391 cibi.
1086 1334 1162 1394 haec

139 1421 234 1479 fames
256 1421 318 1479 iam
340 1423 394 1479 tua
417 1422 468 1480 est.

206 1508 286 1568 Puta
313 1528 360 1567 me
388 1510 464 1568 nihil
495 1511 527 1567 in
555 1511 725 1586 praesentia
753 1509 849 1569 dicere
881 1511 941 1568 nisi
967 1510 1024 1570 hoc
1051 1531 1161 1571 unum:

139 1597 255 1658 tardius
284 1618 373 1674 quam
402 1601 542 1675 potueras
569 1599 686 1657 venisti.
732 1599 865 1657 nondum
893 1599 952 1658 tibi
979 1599 1079 1660 obicio
1109 1602 1194 1665 ‹iu-u

140 1688 253 1764 plicata
280 1690 417 1764 tempora
443 1706 497 1747 nec
524 1705 694 1746 remensum
720 1689 831 1747 totiens
858 1707 940 1747 mare
968 1707 1022 1748 nec
1052 1709 1161 1768 graves

141 1795 276 1852 ancoras,
308 1777 440 1835 nondum
471 1779 590 1835 tantam
621 1795 735 1835 moram
764 1779 877 1852 quanta
908 1777 1055 1856 legationi
1087 1783 1161 1840 satis

140 1867 225 1924 esset.
263 1867 289 1924 si
310 1867 481 1925 innocentes
501 1883 638 1941 essemus,
661 1868 806 1942 populum
829 1869 944 1943 septem
963 1866 1069 1928 diebus
1094 1888 1161 1946 per·

140 1953 273 2013 didisses,
320 1957 461 2030 angustos
488 1955 612 2013 humani
640 1957 763 2030 spiritus
787 1957 930 2014 terminos
958 1956 1053 2016 fames
1079 1958 1160 2018 fecit

140 2045 293 2118 morimur,
313 2042 475 2103 deficimus:
499 2044 609 2103 festina
626 2046 802 2120 misericors,
819 2063 919 2103 omnes
940 2047 1041 2121 excipe
1060 2064 1193 2122 aurasio

141 2133 259 2190 etiamsi
282 2135 347 2190 tota
366 2133 500 2192 secundis
518 2132 639 2192 flatibus
657 2135 725 2192 vela
742 2134 924 2193 tetenderint
941 2136 1033 2209 venti,
1056 2138 1161 2196 tamen

140 2222 229 2280 remis
258 2220 374 2280 adiuva.
421 2222 549 2281 salutem
577 2222 729 2298 publicam
756 2223 852 2297 vehis,
883 2224 1022 2299 spiritum
1053 2227 1161 2302 populi

139 2312 188 2368 tui
206 2313 350 2386 reportas,
374 2311 505 2369 omnium
523 2314 658 2370 nostrum
681 2312 712 2370 in
735 2311 794 2371 ista
813 2312 906 2372 classe
924 2314 1072 2389 navigant
1097 2315 1160 2373 ani·

140 2419 214 2458 mae.
260 2400 393 2459 iuramus
416 2420 470 2477 per
492 2404 579 2459 tuum
601 2401 739 2476 reditum,
766 2401 851 2460 effusi
873 2421 927 2476 per
950 2401 1060 2478 gradus
1084 2405 1160 2462 tem·

140 2491 258 2566 plorum
281 2491 353 2548 vota
381 2491 570 2565 suscipimus,
598 2490 748 2548 tendimus
775 2510 894 2565 manus,
921 2509 991 2548 nam
1015 2509 1092 2566 quas
1119 2493 1192 2552 feu

139 2579 252 2637 riamus
280 2579 407 2652 hostias,
439 2597 498 2638 non
525 2579 676 2638 habemus.
724 2579 795 2654 quid
825 2597 908 2656 spem
938 2579 1089 2655 publicam
1123 2581 1160 2641 ad

141 2686 264 2727 ancoras
280 2666 409 2745 alligas?
431 2686 491 2725 non
510 2671 571 2727 stat
588 2669 710 2727 interim
728 2668 800 2742 dies,
821 2672 850 2727 et
868 2669 965 2744 plenis
983 2669 1059 2728 velis
1078 2688 1159 2730 mors

141 2758 231 2816 venit.
278 2757 400 2832 festina,
436 2758 544 2816 merita
575 2761 630 2816 tua
661 2776 720 2816 non
753 2757 920 2818 conditores
953 2760 1159 2834 aequaverint,

141 2864 200 2904 non
223 2847 282 2921 ipsi
304 2846 348 2904 dii
369 2847 437 2921 plus
460 2847 673 2922 praestiterint.
719 2846 775 2905 tibi
798 2866 866 2923 nos,
893 2846 950 2905 tibi
972 2846 1083 2907 liberos
1108 2867 1164 2908 no·

35 2980 38 2983 -
142 2937 231 3009 strOS,
259 2934 316 2993 tibi
344 2935 486 3010 quicquid
513 2935 627 2994 homini
653 2936 812 2994 iocundum
841 2937 898 3010 est,
927 2934 984 2994 tibi
1017 2936 1191 2998 debemusa

140 3046 353 3053 ——-—-——-.-

213 3145 228 3192 2
254 3106 357 3194 citiore
375 3150 403 3192 B
473 3146 489 3193 ὅ
507 3156 599 3210 neque
618 3140 716 3209 iniqua
734 3139 808 3194 faeie
827 3145 946 3195 arrecta
963 3157 1039 3210 scipr.
1054 3162 1089 3195 m

142 3210 280 3264 ttaoiem
298 3221 326 3263 B
379 3212 592 3277 dividendamc
657 3218 689 3265 11
708 3211 827 3265 habent:
846 3211 901 3265 hirc
920 3221 947 3264 Ρ
1017 3218 1052 3266 14
1070 3213 1158 3270 nihil:

141 3281 236 3335 nisio
307 3287 339 3335 17
360 3283 494 3337 anchoras
518 3293 550 3348 rc
623 3288 656 3337 20
676 3282 829 3337 defecimus
847 3292 898 3336 VM
914 3285 992 3351 (corr.
1006 3287 1050 3355 m)
1069 3297 1092 3338 o

142 3359 175 3406 21
196 3351 297 3406 seculis
317 3363 344 3406 Ρ
395 3354 538 3408 tenderint
555 3365 625 3408 Bi'c
677 3359 709 3407 22
730 3354 833 3408 adiuva
850 3354 935 3408 remis
949 3362 987 3422 M,
1006 3359 1115 3427 traccp.
1129 3378 1160 3413 a·

142 3429 176 3478 24
195 3440 246 3493 per
263 3424 524 3495 gradus-alligas
544 3428 560 3480 l.
575 3430 614 3481 27
633 3443 682 3480 om.
697 3436 726 3478 B
792 3425 1112 3481 attendimusom.o1

139 3502 201 3564 poet
219 3495 617 3551 manusadd.altoliniusu1
678 3502 711 3550 26
726 3496 943 3566 posthabemus
962 3503 1058 3552 cotom
1071 3498 1099 3554 R
1118 3502 1161 3556 ia·

141 3568 208 3623 serit
225 3576 246 3619 V
314 3572 347 3622 27
368 3567 503 3620 anchoras
522 3577 554 3632 Vc
627 3573 660 3622 30
681 3568 834 3621 iucundum
853 3577 903 3620 Mc
1128 3567 1133 3573 '
