2430 3952
142 192 205 258 186
437 184 439 189 ·
543 191 753 247 carmanos

140 361 327 437 sentiensque
355 361 530 437 acceperim,
561 380 615 420 nec
643 362 739 419 solum
765 362 892 421 donatus
917 363 963 422 his
986 363 1071 423 bonis
1100 366 1152 424 sed

86 449 123 506 21
139 452 261 509 summis
284 449 424 526 periculis
447 449 590 508 liberatus
613 447 698 509 sum?
734 468 900 509 nonnemo
924 470 959 509 ex
981 453 1070 511 amici
1093 453 1152 513 fide

139 542 242 597 natum
275 542 305 598 et
336 539 533 597 tenacioribus
565 538 772 598 beneficiorum
799 540 926 599 vinculis
958 541 1055 599 fatear
1087 561 1152 602 esse

139 625 352 687 constrictum?

116 760 121 768 .
204 716 345 776 Miserum
363 717 422 775 me!
446 717 539 775 amice
558 715 735 790 fidelissime,
758 716 908 794 ingratum
931 736 978 776 mc
997 720 1150 778 moriendo
1180 741 1192 782 ι

138 805 243 864 fecisti.
285 808 315 864 et
338 805 516 884 quantulum
539 807 584 863 est
607 805 686 880 quod
709 805 804 864 adhuc
827 806 935 880 loquor
957 806 992 864 de
1015 826 1082 865 mea
1105 809 1150 865 in·

138 894 295 969 felicitate,
322 894 358 952 de
385 891 513 969 piratis?
557 893 631 953 levis
655 897 700 952 est
722 894 780 952 ista
803 895 936 969 fortuna,
963 896 1036 954 haec
1059 898 1153 955 ctiam

138 1002 216 1042 nunc
238 983 350 1059 recepit
371 1001 493 1041 moram.
535 983 632 1041 solent
654 984 807 1058 expectare
830 985 961 1043 latrones
984 984 1152 1060 redempto-

138 1091 209 1130 rem.
255 1073 287 1129 in
313 1071 383 1130 ludo
411 1071 469 1145 fui,
498 1090 556 1147 qua
583 1090 678 1147 poena
706 1072 819 1130 nullam
843 1073 1015 1132 ulteriorem
1040 1075 1153 1133 scelera

138 1162 297 1235 noverunt,
331 1161 413 1219 cuius
441 1159 479 1218 ad
509 1162 761 1236 comparationem
789 1162 972 1239 ergastulum
1003 1162 1068 1221 leva
1097 1167 1150 1222 est.
1167 1186 1194 1226 ro

138 1250 194 1308 hoc
217 1249 242 1308 si
265 1250 382 1323 scisses,
404 1252 499 1325 pater,
522 1249 651 1324 affirmo,
674 1251 830 1324 promitto,
859 1253 942 1309 cuius
964 1251 1086 1326 pietatis
1111 1270 1151 1328 es,

138 1357 224 1396 nemo
252 1341 282 1396 te
310 1340 522 1398 antecessisset.
568 1338 635 1413 illa,
663 1342 776 1397 certum
803 1339 911 1413 habeo,
939 1344 1088 1415 expectaS,
1117 1344 1152 1398 ut

139 1427 249 1485 dicam:
278 1422 428 1486 ‘morabar
453 1429 531 1485 inter
558 1427 730 1505 sacrilegos,
761 1428 970 1503 incendiarios,
1001 1432 1043 1503 et,
1074 1449 1151 1504 quac

138 1516 353 1593 gladiatoribus
385 1535 445 1574 una
475 1517 541 1575 laus
574 1518 630 1591 est,
662 1517 825 1575 homicidas
857 1517 987 1576 inclusus
1016 1520 1151 1593 tm‘piore

138 1605 274 1664 custodia
302 1608 332 1664 et
354 1605 472 1664 sordido
495 1605 637 1664 cellarum
660 1601 739 1664 situ'
776 1607 894 1680 iamque
917 1607 948 1664 in
972 1626 1038 1665 eam
1060 1626 1147 1666 vene·
1165 1629 1191 1670 rs

137 1712 200 1751 ram
220 1696 379 1768 fortunam,
403 1697 436 1752 ut
454 1714 501 1751 me
519 1696 632 1753 victum
649 1697 778 1769 recipere
797 1713 856 1752 non
874 1713 984 1770 posses,
1006 1697 1152 1755 victorem

138 1782 240 1841 nolles
286 1783 391 1841 aderat
417 1782 490 1841 hora
518 1784 657 1858 supplicii
685 1784 745 1841 mci
772 1802 831 1858 qua
858 1802 1005 1859 nusquam
1033 1804 1151 1843 moran-

139 1871 222 1946 dum,
249 1871 311 1929 iam
333 1871 517 1947 praebendus
541 1875 606 1930 erat
628 1872 747 1949 iugulos
771 1875 800 1931 et
823 1873 973 1931 fundanda
996 1874 1060 1932 vita
1083 1892 1151 1932 cum

138 1959 290 2036 sanguine.
327 1979 422 2034 neque
444 1962 524 2018 enirn
542 1960 678 2019 dubitare
700 1960 736 2019 de
755 1955 862 2020 eventu
884 1962 962 2020 licet.
1000 1964 1151 2037 exemplar

138 2049 196 2105 fati
218 2049 277 2106 mei
299 2048 369 2106 vidi.
416 2049 441 2107 si
464 2068 510 2107 me
535 2050 570 2107 ab
594 2050 640 2107 his
667 2050 890 2113 imminentibus
913 2051 1000 2109 malis
1023 2054 1192 2126 pecuniane

138 2135 323 2212 redemisset,
351 2137 524 2196 beneficium
550 2140 652 2196 tamen
678 2139 779 2214 potius
807 2140 933 2198 dicerem
957 2135 1029 2217 <et>
1053 2144 1150 2218 magis

140 2224 355 2284 aestimandum
378 2245 440 2284 esse
463 2245 553 2301 quam
575 2229 712 2301 pretium.
759 2227 810 2286 sed
833 2228 912 2303 apud
936 2230 1081 2306 malignos
1105 2231 1150 2287 in·

138 2317 282 2389 terpretes
309 2318 409 2390 posset
431 2315 526 2373 videri
548 2316 595 2374 vel
621 2335 703 2392 spem
731 2319 847 2376 secutus
876 2318 1008 2392 aliquam
1031 2320 1151 2377 venturi

138 2404 281 2478 temporis
312 2405 360 2462 vel
391 2405 556 2478 praesentis
588 2405 780 2480 voluptatem.
825 2407 881 2465 hoc
913 2407 1088 2466 admirabile
1120 2411 1151 2466 et

139 2494 192 2551 uni
214 2494 332 2551 tantum
354 2494 463 2571 pietati
483 2493 669 2552 referendum
693 2498 749 2553 est:
773 2494 855 2554 dedit
877 2495 1051 2553 beneficium
1070 2497 1151 2570 quod
1164 2518 1191 2559 so

25 2610 29 2621 ·
54 2580 56 2585 ’
138 2601 291 2657 nunquam
315 2584 466 2657 reciperet,
490 2586 528 2656 et,
551 2602 617 2641 cum
641 2585 767 2641 amicum
791 2603 880 2658 quem
902 2585 1074 2659 redimebat,
1096 2586 1150 2644 ha-

138 2670 254 2730 biturus
277 2690 336 2729 non
358 2674 443 2746 esset,
465 2672 540 2729 nihil
564 2671 647 2730 aliud
665 2672 736 2730 emit
760 2693 849 2748 quam
871 2675 1027 2732 honestam
1045 2675 1150 2734 mortis

139 2760 356 2820 conscientiam
393 2761 551 2819 transtulit
569 2779 639 2837 ergo
657 2761 689 2817 in
707 2779 738 2820 se
759 2763 911 2821 fortunam
929 2781 1026 2820 meam
1045 2762 1150 2820 subiit-

209 2911 376 2964 omiseram
394 2928 438 2964 me
457 2913 548 2966 Desa.
568 2911 722 2965 miserrimc
741 2935 763 2964 ω
836 2913 969 2982 eloquor
987 2931 1037 2968 om
1053 2923 1080 2967 Β

139 2981 280 3049 Srecepit
298 2999 372 3036 nunc
394 2992 415 3034 V
464 2982 587 3038 latrones
607 2985 792 3052 expectareV
837 2984 946 3039 latrone
961 2994 988 3037 ι’
1040 2987 1150 3068 θᾳξιξιι

138 3062 166 3105 Β
179 3052 199 3121 (i
212 3054 259 3120 er.)
318 3053 479 3107 interiorem
493 3063 530 3120 Μ,
549 3053 593 3107 vel
607 3053 768 3108 ulteriorem
781 3077 813 3108 m
881 3062 913 3109 11
933 3057 1043 3110 scissas·
1064 3057 1150 3111 scisse

138 3132 172 3189 Β,
193 3123 321 3177 sadda
385 3131 417 3178 12
438 3125 588 3179 antecessit
606 3135 639 3192 B,
659 3141 721 3179 ssac
739 3138 847 3196 supro
919 3133 952 3181 13
971 3127 1150 3182 incendarios

140 3203 173 3260 P,
192 3210 259 3248 corr.
273 3217 294 3255 φ
385 3202 418 3249 14
438 3196 604 3251 homicidias
624 3206 778 3264 1¹‚corrp
866 3201 926 3252 tam
944 3204 1007 3254 uate
1024 3200 1150 3268 turpiora

138 3282 203 3335 odd
222 3291 243 3333 V
319 3283 441 3337 inclusos
460 3308 495 3352 o,
514 3287 620 3340 correxi·
701 3291 734 3340 15
754 3274 810 3340 sitii
828 3297 855 3340 Β
925 3289 1039 3341 venerat
1056 3297 1080 3340 J

140 3358 172 3407 16
190 3353 308 3408 victum:
328 3357 440 3408 nectum
455 3358 593 3427 (tenco)
613 3379 631 3409 a
680 3373 736 3411 non
755 3375 805 3412 om
820 3367 879 3411 ΒΜ
931 3364 963 3411 11
979 3365 1043 3426 post
1033 3358 1149 3414 tnolles

139 3425 202 3478 add
219 3424 324 3478 victum
343 3433 446 3495 pacato
463 3429 552 3495 posito
570 3433 633 3482 cate
609 3428 739 3483 tnolles
758 3438 790 3482 Μ
875 3429 944 3483 hora
962 3447 1037 3497 supr
1052 3440 1080 3483 Β

139 3501 172 3549 21
192 3497 287 3549 tamen
305 3514 354 3551 om.
374 3507 395 3548 V
445 3498 528 3567 potis
551 3507 573 3550 V
622 3501 651 3553 et
668 3501 732 3554 add
747 3502 825 3555 Deos
880 3506 913 3554 22
937 3518 1034 3570 quam:
1054 3518 1109 3570 quo
1125 3511 1152 3555 Β

139 3573 174 3620 24
197 3566 371 3623 ammirabile
394 3577 416 3620 V
483 3561 648 3643 2611111111
666 3581 695 3624 Β
765 3576 1040 3640 liquam2qu01’
