2430 3952
150 199 216 264 426
458 197 653 252 axonam
672 197 851 288 Pnalsnsa

123 371 253 427 autem
282 368 313 426 in
342 367 404 426 fflio
434 370 530 427 mater
558 369 654 443 possit
682 369 889 443 concupiscere
920 369 999 443 quod
1023 366 1176 429 formosus

150 460 209 526 est,
243 457 339 516 oderit
368 459 486 533 oportet
516 457 596 533 quod
628 457 708 515 filius
740 461 794 518 est.
841 456 880 516 ad
909 457 965 517 hoo
995 458 1084 517 nefas
1116 477 1176 518 non

149 546 246 605 forma
271 546 323 605 sed
341 546 472 605 amentia
495 563 569 621 opus
592 549 644 605 est.
686 564 809 623 aegrum
827 548 938 620 pietate
959 545 1099 605 animum
1121 567 1177 606 nec

149 635 323 694 deformitas
350 635 489 711 impedit,
519 653 572 694 nec
594 636 691 693 forma
706 638 813 712 auget.
855 638 900 694 est
927 635 958 693 in
985 635 1050 694 filio
1074 638 1177 696 nescio

150 724 230 800 quid,
249 724 328 799 quod
347 725 444 784 forma
462 725 620 784 formosius
639 728 691 783 ost.
728 726 755 783 si
772 729 875 783 tamen
892 725 1021 783 formam
1041 744 1199 800 accusans

150 814 189 872 ad
211 817 350 872 naturam
372 813 557 873 redeundum
584 816 642 881 est,
672 815 699 872 si
721 812 823 872 odium
845 812 913 886 filii,
944 813 983 872 ad
1005 815 1108 888 patris
1133 816 1177 874 in-

148 903 346 963 festationem.
384 903 457 962 inde
479 921 565 961 rarus
588 902 620 960 in
642 902 775 978 publico,
805 901 874 961 inde
898 905 980 960 totus
1005 903 1091 979 apud
1115 925 1177 963 ma·

148 994 234 1051 trem.
275 992 327 1050 sed
345 1011 398 1066 per
416 992 486 1050 deos
504 992 698 1066 immortales,
721 992 759 1051 ab
777 991 889 1050 incesto
908 991 1050 1051 libidines
1070 1011 1177 1071 coepo-

148 1079 240 1139 trun?
288 1081 354 1156 quis
389 1099 521 1156 unquam
552 1099 570 1138 a
604 1081 726 1140 summis
760 1078 888 1156 incipit?
936 1079 1098 1140 infinitum
1134 1088 1177 1144 est

149 1171 229 1271 quod
251 1169 359 1228 debeat
381 1174 451 1229 ante
435 1172 573 1230 efecisse
598 1169 685 1228 filius.
729 1167 822 1244 quid?
845 1169 924 1244 quod
946 1170 994 1228 hic
1020 1175 1208 1232 contrariare

148 1261 343 1318 miscerentur
294 1259 363 1318 t?
404 1262 435 1318 et
459 1260 496 1318 ad
523 1259 671 1319 incestum
694 1277 769 1336 opus
797 1259 854 1332 est,
884 1260 918 1316 ut
946 1259 1176 1335 adametur‚t
1149 1269 1176 1320 et

149 1348 320 1422 adfilinm,
344 1351 460 1408 utnon
484 1351 607 1407 ametur.
654 1367 706 1407 cur
727 1348 824 1406 filium
847 1346 1004 1406 occidisti‘
991 1350 1084 1408 tP.
1107 1353 1175 1426 qnia

148 1457 251 1497 rumor
273 1457 340 1496 eum
368 1437 536 1497 accusabat.
578 1439 622 1496 M.
643 1456 708 1496 ecce
736 1455 783 1495 res
814 1438 862 1495 cui
889 1441 993 1496 contra
1021 1442 1175 1512 naturam,

149 1530 252 1586 contra
274 1530 426 1602 parentes,
457 1530 561 1586 contra
588 1526 696 1585 liberos
726 1525 806 1584 credi
829 1525 944 1584 debeat.
985 1544 1055 1601 oro,
1082 1527 1118 1586 P.
1139 1528 1175 1600 (l,

148 1635 210 1690 oro,
232 1617 280 1675 cui
299 1616 417 1675 facilius
436 1616 614 1675 credendum
633 1618 691 1674 est:
714 1615 751 1675 de
773 1633 891 1672 rumore
909 1615 1116 1693 mendacium,
1141 1637 1205 1678 auu

149 1705 185 1765 de
207 1709 303 1764 matre
330 1703 496 1764 incestum?
537 1707 570 1764 P.
590 1706 723 1764 omnium
751 1722 884 1762 sermone
911 1703 1078 1765 damnatus
1104 1713 1175 1766 erat.

148 1796 193 1852 M.
212 1795 391 1854 facillimum
413 1796 485 1867 fuit,
515 1797 551 1853 ut
573 1795 747 1869 loqueretur
768 1793 911 1869 populus,
936 1793 972 1852 de
996 1813 1059 1869 quo
1086 1798 1176 1856 mira-

148 1884 238 1942 batur
259 1887 375 1959 patrem
398 1883 551 1958 suspicari.
593 1884 659 1958 quis
679 1886 780 1941 autem
802 1882 921 1940 fabulae
939 1882 1036 1941 fuerit
1059 1889 1176 1957 auctor,

148 1971 200 2030 ille
230 1973 338 2047 probat
368 1975 420 2047 qui
447 1971 582 2031 credidit.
624 1991 689 2046 cur,
719 1974 855 2046 inquam,
884 1970 980 2029 filium
1015 1973 1177 2035 occidisti?

148 2062 181 2118 P.
201 2060 272 2134 quia
295 2063 408 2119 rumori
427 2061 546 2119 credidi.
588 2061 633 2119 M.
653 2080 712 2135 quo
732 2063 917 2137 argumento,
940 2061 1071 2135 perdite,
1098 2064 1175 2122 credi
1188 2085 1208 2122 ro

149 2147 275 2207 debeat?
317 2149 356 2207 da
373 2151 464 2207 matri
487 2153 517 2208 et
535 2149 597 2208 filio
616 2151 692 2208 hanc
711 2149 930 2223 conscientiam,
954 2149 992 2208 ab
1012 2147 1175 2232 utro[que]

149 2239 271 2296 venient
292 2236 415 2312 preces?
456 2238 578 2296 audebit
595 2239 651 2297 hoc
669 2258 774 2317 rogare
793 2239 880 2312 filius,
904 2241 958 2296 aut
981 2241 1125 2314 sperabit
1148 2261 1176 2301 se

148 2328 377 2401 impetraturam
409 2325 525 2386 mater?
575 2328 613 2386 da
640 2331 793 2405 rogatum,
826 2327 863 2385 da
896 2346 1072 2387 concessum
1105 2349 1175 2391 esse.

149 2434 249 2476 coram
272 2420 357 2491 patre
385 2417 578 2475 abstinebunt
627 2419 722 2476 omnis
750 2416 942 2475 familiaritas
968 2418 1178 2497 sustringetur

138 2508 180 2564 *in
203 2505 330 2581 publico.
372 2510 473 2565 utrum
496 2506 580 2580 velis,
604 2507 687 2584 elige.
729 2506 877 2565 incestum
898 2505 1028 2582 diligens
1052 2526 1207 2587 suspec-rs

147 2589 300 2673 turn[que]
325 2614 384 2654 non
408 2597 475 2669 erit,
498 2596 652 2673 negligens
675 2595 918 2670 deprehendetur.
960 2595 994 2652 P.
1016 2615 1080 2655 non
1102 2598 1176 2657 dixi:

148 2684 249 2757 debui,
280 2685 331 2743 sed
360 2684 480 2743 credidi.
526 2687 571 2743 M.
591 2684 642 2743 sed
671 2703 725 2743 neo
753 2684 911 2743 credidisti.
953 2685 1001 2742 vis
1031 2687 1113 2760 quid
1143 2689 1176 2747 de

147 2793 266 2832 rumore
284 2775 348 2849 ipse
367 2776 502 2848 senseris,
521 2775 651 2832 breviter
669 2772 812 2850 probem?
853 2773 891 2831 da
912 2772 1026 2831 bonum
1046 2782 1176 2851 patrem,

148 2862 296 2921 dicturam
318 2883 365 2922 me
383 2865 482 2939 putet:
505 2882 565 2922 non
585 2862 692 2922 credet.
735 2882 802 2920 non.
844 2863 945 2930 immo,
970 2865 1091 2924 nesciet
1116 2882 1176 2927 ess‘e

147 2970 303 3011 rumorem.
346 2971 437 3028 prope
461 2955 506 3011 est
531 2955 645 3011 incesto
672 2952 791 3025 timere,
815 2971 850 3010 ue
873 2951 935 3008 fiat.
979 2951 1020 3011 da
1049 2956 1203 3021 malumst

148 3043 304 3100 tormentis
333 3042 534 3116 quaerendum
561 3059 624 3100 esse
651 3042 776 3117 putasti.
818 3060 873 3100 cur
892 3040 989 3098 filium
1014 3045 1176 3106 occidisti?

148 3129 180 3186 P.
201 3148 259 3188 non
282 3133 417 3205 poteram
435 3133 483 3190 tot
500 3130 684 3190 delatoribus
704 3131 792 3189 aliter
810 3129 1003 3205 respondere..
1042 3132 1177 3196 breviter

149 3278 323 3285 -—..—..-.-
338 3281 363 3285 -..

220 3371 293 3423 ‘lad
310 3371 387 3425 hoo
390 3374 461 3425 est
476 3379 538 3440 post
558 3375 643 3442 auget
661 3373 787 3426 cubitent
777 3378 884 3424 ιΒιΒ
956 3373 1177 3432 ereferenuum

143 3450 257 3494 -ΒνΒ
314 3443 483 3497 ἵιιιάθοιιι.
504 3453 549 3495 ιΒ
639 3448 672 3496 10
692 3446 769 3495 ante
790 3445 884 3495 autem
904 3451 983 3494 ΒιΒ
1084 3452 1177 3505 nest

146 3528 198 3566 om.
211 3523 268 3565 Β
301 3520 332 3566 12
345 3514 465 3568 adame
454 3518 500 3567 ur
516 3524 624 3568 ΒιΒ
656 3520 687 3568 13
708 3517 869 3568 contraom
889 3522 935 3564 VB
1001 3521 1038 3570 14
1060 3519 1177 3603 debeat

142 3583 214 3652 finis
230 3584 332 3641 codicis
351 3596 378 3638 Ρ
