2430 3952
456 216 680 289 ,palarmo
980 216 1084 271 XXVII

131 387 289 462 Perpensis
314 387 354 445 eis
380 405 456 460 quac
480 405 571 462 supra
602 388 805 462 exposuimus,
836 391 963 463 apparet
985 405 1086 445 recen-

61 477 180 535 sionem
199 475 450 534 declamationum
464 475 521 534 niti
536 475 686 535 codicibus
700 481 764 534 BV
782 480 813 535 et
826 481 893 548 PS,
912 476 957 534 ita
976 478 1086 549 tamen,

63 568 99 623 ut
118 567 216 624 locum
234 566 364 640 priorem
382 566 506 624 teneant
518 569 590 624 BV.
631 566 735 624 multis
753 566 827 624 locis
841 571 868 624 B
883 566 962 624 solus
982 584 1087 623 verum

61 656 127 714 sive
160 655 293 713 servavit
324 655 386 712 sive
419 654 596 712 facultatem
627 655 750 730 praebet
783 654 846 713 veri
876 652 1086 730 investigandi.

63 743 172 818 quibus
197 761 232 801 ex
254 743 339 801 libris
364 743 543 802 varietatem
566 743 709 802 adnotavi
733 745 891 821 integram.
932 746 1086 818 praeterea

62 833 206 892 lectiones
230 833 383 910 graviores
411 831 546 891 codicum
568 836 668 892 ΜΗ]
690 832 805 907 addidi,
834 832 905 908 quia
928 852 988 891 non
1011 832 1087 890 nihil

62 922 167 982 valent
181 921 219 979 ad
233 921 469 996 recuperandum
483 922 680 998 archetypum
698 921 832 980 familiae
847 944 874 980 u.
915 940 970 980 neo
987 921 1086 980 minus

63 1013 106 1070 eis
133 1011 306 1070 illustratur
337 1009 585 1084 quemadmodum
617 1010 771 1070 hominum
804 1010 960 1070 doctorum
995 1010 1087 1068 medii

62 1101 132 1159 aevi
162 1118 249 1176 opere
281 1102 370 1174 atque
398 1098 497 1158 studio
527 1103 626 1158 textus
656 1101 688 1157 in
716 1098 845 1159 deterius
875 1103 1010 1158 mutatus
1037 1100 1086 1158 sit.

63 1189 168 1248 eodem
200 1189 324 1248 consilio
360 1208 482 1246 manum
515 1190 642 1247 alteram
676 1209 793 1264 quoque
830 1189 1087 1264 Montepessulani

62 1279 227 1354 apparatui
248 1274 369 1336 inserui.
411 1277 489 1336 unde
512 1278 543 1336 id
568 1296 686 1353 quoque
708 1279 870 1352 lucramur,
895 1282 930 1336 ut
952 1278 1086 1336 familiae

61 1391 80 1446 y
105 1368 240 1442 exempla
264 1368 400 1426 omittere
424 1367 511 1425 licuit
537 1370 657 1442 praeter
683 1386 794 1442 paucos
820 1367 888 1425 illos
912 1367 1006 1440 locos,
1036 1366 1087 1424 ubi

62 1458 137 1515 locis
156 1456 320 1531 desperatis
340 1459 395 1514 aut
413 1455 541 1514 medella
560 1457 654 1515 allata
673 1463 718 1514 est
737 1459 790 1514 aut
809 1456 904 1515 allata
922 1475 985 1516 esse
1004 1456 1086 1514 vide-

62 1545 161 1605 batur.
213 1565 247 1602 61
280 1547 367 1621 copia
398 1546 515 1622 ingenti
548 1545 800 1619 coniecturarum,
834 1545 1085 1618 emendationum,

61 1635 306 1694 observationum
330 1653 348 1692 a
370 1635 443 1692 viris
467 1633 562 1692 doctis
581 1635 612 1691 in
634 1634 814 1693 editionibus
834 1653 929 1709 usquc
953 1634 991 1692 ad
1009 1633 1086 1691 Bur·

62 1743 206 1782 mannum
229 1723 415 1799 prolatarum
436 1741 586 1799 perpauca
615 1743 649 1782 ea
672 1725 792 1781 tantum
813 1725 890 1801 elegi
921 1723 1030 1798 quibus
1053 1742 1085 1781 re

62 1833 135 1873 vera
158 1811 423 1871 declamationibus
447 1812 499 1870 lux
519 1813 650 1871 affertur.
691 1811 875 1890 farraginem
895 1816 995 1871 autem
1017 1812 1086 1870 reli-

62 1921 154 1978 quam
174 1904 226 1977 qui
244 1920 420 1979 cognoscere
440 1903 533 1977 cupit,
556 1902 676 1961 evolvat
696 1901 893 1960 Burmanni
916 1903 1086 1974 editionem,

61 1991 116 2049 ubi
143 1990 244 2049 omnia
275 1991 330 2048 illa
361 1994 501 2068 congesta
532 1993 622 2065 atque
652 1991 799 2066 disposita
829 1991 971 2051 inveniet.
1009 2008 1086 2065 quae

60 2082 132 2156 post
163 2081 369 2138 Burmannum
402 2079 441 2138 ad
473 2080 671 2139 emendandas
705 2080 937 2140 declamationes
966 2080 1086 2156 prolata

61 2172 134 2230 sunt
157 2171 302 2243 quantum
325 2171 357 2227 in
387 2171 503 2228 textum
526 2171 620 2244 recipi
647 2188 707 2228 non
732 2172 908 2245 potuerunt,
938 2168 1084 2226 111611116-

61 2261 179 2318 tatione
202 2260 307 2317 oritica
325 2259 477 2317 adnotavi.
518 2260 582 2332 ipse
605 2276 702 2333 pauca
720 2260 831 2317 novavi
852 2277 948 2333 neque
967 2258 999 2315 id
1022 2257 1085 2316 sine

62 2348 196 2407 consilio.
245 2348 351 2406 melius
386 2349 466 2405 enim
501 2366 592 2422 quam
625 2349 723 2423 primo
761 2350 883 2423 aspectu
916 2347 1086 2421 credideris,

62 2437 317 2495 declamationum
344 2436 436 2495 verba
461 2437 575 2495 tradita
601 2439 676 2495 sunt.
721 2437 892 2496 accuratius
919 2438 997 2495 enim
1020 2454 1085 2494 sen·

61 2528 227 2585 tentiarum
259 2545 336 2584 nexu
366 2527 522 2600 perspecto
559 2527 590 2584 et
620 2527 737 2584 ratione
769 2526 874 2585 habita
905 2543 965 2584 non
997 2525 1085 2584 modo

62 2617 233 2690 corruptae,
263 2617 299 2674 ut
325 2617 370 2672 ita
398 2615 507 2689 dicam,
538 2615 789 2683 declamationum
819 2615 1006 2690 eloquentiae
1034 2614 1086 2673 sed

61 2706 155 2762 etiam
178 2703 319 2779 loquendi
342 2722 413 2763 usus
442 2704 493 2778 qui
521 2723 611 2778 quam
639 2705 861 2764 accuratissime
884 2704 1085 2762 observandus

60 2796 154 2868 atque
187 2813 222 2850 ex
250 2795 369 2868 scriptis
401 2811 476 2868 quae
506 2793 664 2870 indulgent
694 2795 824 2852 sermoni
852 2793 985 2870 vulgari,
1016 2793 1085 2851 illu-

61 2882 205 2942 strandus
220 2885 264 2940 est
270 2875 306 2961 1),
326 2882 485 2958 apparebit
498 2882 609 2942 multas
625 2901 727 2941 earum
747 2883 989 2941 emendationum
1008 2900 1085 2956 quae

61 2971 242 3031 videbantur
270 2989 333 3030 esse
356 2973 437 3030 lenes
465 2991 497 3030 re
522 2991 593 3030 vera
622 2972 702 3031 leves
733 2990 805 3030 esse.
847 2991 939 3047 quam
962 2971 998 3030 ob
1022 2991 1086 3029 rem

61 3080 162 3119 meum
180 3064 302 3118 tantum
321 3064 386 3119 erat
403 3062 460 3119 hac
478 3061 510 3117 in
529 3059 658 3120 editione
678 3061 813 3120 codicum
832 3061 974 3119 lectiones
994 3079 1085 3136 quam

61 3151 287 3209 accuratissime
310 3151 443 3224 proferre
469 3153 561 3225 atque
584 3168 687 3209 aarum
715 3150 827 3210 auxilio
852 3154 999 3225 quantum
1021 3149 1085 3208 fieri

60 3239 171 3315 potuit,
193 3239 319 3298 maculis
343 3238 467 3298 detersis
486 3239 660 3313 mendisque
679 3239 785 3297 doletis
805 3240 907 3298 conari
925 3241 1085 3314 pristinam

61 3330 162 3388 textus
194 3329 320 3388 formam
351 3347 532 3404 recuperare.
583 3348 617 3386 ea
644 3331 770 3387 utantur
800 3329 853 3386 alii
881 3331 972 3404 atque
1000 3346 1084 3386 accu-

61 3417 157 3475 ratius
180 3418 411 3493 intricatiusque
435 3419 582 3492 quantum
609 3417 706 3476 adhue
730 3417 795 3476 fieri
818 3417 931 3494 potuit,
959 3421 993 3476 ut
1017 3436 1085 3475 con-

138 3589 164 3658 1)
183 3587 323 3656 quaedam
342 3586 398 3641 alio
417 3586 478 3640 loco
498 3604 562 3640 mox
580 3603 625 3640 me
643 3587 820 3656 prolaturum
839 3603 900 3642 esse
919 3604 1008 3654 spero.
