2430 3952
145 202 212 266 428
460 200 653 258 axonam
671 203 850 258 PARISINA.

146 373 363 449 pernegaverit.
406 372 478 447 quid
509 376 616 450 agunt,
646 375 762 445 insane,
795 375 899 431 contra
927 392 1084 432 rumorem
1112 377 1174 433 tor·

146 463 249 520 menta
267 458 402 520 secreta?
438 480 538 520 coram
557 462 694 522 omnibus
712 465 852 537 torquere
871 461 958 520 debet
977 463 1030 537 qui
1049 463 1103 521 vel
1123 463 1174 522 ab·

146 551 261 610 solvere
288 551 336 608 vel
364 550 496 610 occidere
519 551 656 610 intendit.
699 552 731 609 P.
751 569 811 609 uon
833 553 934 626 potuit
958 550 1092 625 absolvi,
1120 572 1174 628 po·

145 640 207 697 tuit
236 640 338 698 occidi.
387 641 432 697 M.
452 642 592 699 utrumne
622 640 738 699 absolvi
771 638 891 715 posset?
940 658 1042 699 coram
1074 644 1175 701 matre

146 729 254 788 saltem
278 728 425 806 agendum
448 731 532 789 esset.
576 731 628 804 qui
654 732 813 804 torquetur
839 730 872 787 in
894 731 1036 803 matrem,
1070 749 1174 790 coram
1198 750 1210 790 s

146 820 242 876 matre
264 817 447 893 torquendus
467 821 519 878 est.
562 838 614 877 cur
633 837 651 876 a
670 836 760 878 causa
783 836 838 877 sua
855 817 960 877 infelix
979 819 1175 879 excluditur?

147 906 255 965 adhibe
277 908 404 982 speciosi
426 908 606 966 cruciatibus
625 911 784 966 amantem.
826 909 852 965 si
876 907 954 982 quod
975 907 1099 968 facinus
1123 910 1174 968 ad-

145 997 270 1056 missum
300 998 358 1070 est,
391 999 550 1071 torquetur
578 996 670 1072 filius,
706 997 757 1056 sed
786 997 931 1054 fatebitur
961 999 1072 1055 mater.
1123 999 1174 1058 sed

145 1087 248 1143 tamen
270 1085 344 1159 quid
368 1083 499 1144 audisti?
541 1105 593 1145 cur
619 1105 680 1144 non
702 1087 735 1144 in
762 1087 1008 1145 exclamationem
1031 1106 1174 1161 prorum·

145 1171 213 1248 pis?
254 1174 287 1231 P.
308 1175 403 1233 omnis
426 1177 618 1250 impatientia
647 1177 680 1233 in
708 1175 869 1249 parricidio
899 1178 1112 1251 persciscat,
1141 1180 1208 1236 inu

146 1262 275 1321 orbitate
298 1265 450 1323 conticuit.
492 1267 652 1339 utrumque
675 1263 710 1322 de
736 1264 797 1321 filio
820 1263 885 1321 fieri
908 1282 968 1322 non
991 1267 1113 1341 potest,
1140 1272 1172 1324 ut

147 1354 177 1410 et
207 1352 366 1411 occiderim
402 1356 432 1412 et
465 1371 606 1413 accusem.
656 1354 756 1411 omnia
788 1372 843 1427 pro
874 1352 937 1410 filio
967 1353 1093 1413 dixerat
1122 1358 1173 1432 qui

147 1441 234 1500 dixit:
259 1442 361 1500 occidi.
399 1443 444 1500 M.
461 1444 652 1516 miseremini,
670 1441 791 1516 iudices,
811 1441 949 1500 orbitatis
967 1461 1067 1518 meae,
1087 1446 1172 1505 mise

145 1532 255 1589 remini
276 1532 482 1604 lacrimarum,
512 1548 572 1589 non
601 1549 723 1606 possum
745 1549 805 1589 non
836 1530 920 1601 flere,
949 1549 1010 1590 non
1042 1552 1171 1609 gemere.

145 1620 194 1678 hic
218 1623 318 1679 autem
335 1622 424 1679 tacet.
461 1621 494 1678 P.
515 1622 626 1694 cavete,
645 1619 677 1677 P.
698 1617 740 1693 0.,
758 1622 869 1692 cavete,
887 1639 924 1678 ne
942 1621 1074 1695 pietatis
1095 1642 1173 1682 error
1184 1641 1205 1682 u

145 1727 199 1768 vos
217 1710 362 1768 involvat.
403 1728 451 1768 me
469 1711 565 1787 magis
584 1711 738 1768 miseratio
762 1708 857 1767 decet:
880 1709 977 1766 filium
1001 1714 1034 1768 et
1053 1713 1173 1786 perdidi

146 1801 176 1857 et
195 1799 298 1858 occidi.
340 1799 491 1857 infelicior
514 1818 548 1857 ex
572 1797 685 1858 duobus
709 1800 756 1856 est
778 1799 830 1872 qui
851 1801 881 1856 et
902 1799 1020 1873 patitur
1046 1803 1082 1859 et
1104 1802 1173 1861 fecit

133 1889 355 1963 carpebatur.
397 1888 442 1945 M.
463 1889 549 1962 atqui
566 1891 600 1944 tu
620 1889 676 1946 scis
696 1886 769 1962 quid
787 1888 891 1964 egeris
915 1905 1008 1961 quare
1028 1889 1173 1965 effeceris,

145 1995 278 2034 movero
293 1977 465 2052 ignorantia
479 1974 576 2033 dolori
590 1978 685 2033 mixta
698 1978 794 2053 magis
809 1976 972 2035 confundit.
1002 1976 1037 2035 P.
1056 1997 1074 2036 o
1090 1981 1172 2058 igno

145 2067 277 2122 rentiam
295 2065 327 2121 in
346 2065 434 2122 malis
453 2083 569 2139 semper
587 2065 750 2123 feliciorem
772 2083 848 2140 quae
866 2065 957 2123 habet
977 2067 1062 2140 quod
1082 2072 1172 2128 infer·
1183 2087 1205 2127 n

146 2153 266 2239 rogatb
288 2172 335 2209 me
363 2155 459 2210 maior
489 2154 695 2228 impatientiae
724 2155 786 2211 urit
814 2154 944 2213 affectus.
992 2175 1049 2213 cur
1078 2157 1172 2216 filium

147 2241 314 2314 occiderim,
336 2241 470 2299 indicare
493 2261 554 2300 non
572 2261 700 2319 possum,
725 2261 778 2302 nec
800 2245 936 2317 paenitet
959 2245 1044 2318 quod
1069 2247 1172 2306 occidi.

146 2333 191 2389 M.
212 2349 264 2389 cur
286 2330 419 2389 indicare
442 2349 502 2390 non
524 2330 632 2406 potes?
668 2350 721 2390 cur
743 2330 848 2391 taces?
892 2333 925 2390 P.
945 2335 981 2390 ut
999 2338 1091 2394 uxori
1115 2339 1172 2395 for-

139 2423 225 2479 sitan
249 2438 378 2495 parcam.
419 2422 464 2478 M.
484 2439 543 2480 non
564 2424 648 2496 potes
671 2422 757 2480 uxori
780 2421 875 2480 videri
897 2439 1030 2496 parcere,
1056 2424 1095 2483 de
1114 2445 1172 2502 qus

146 2511 220 2568 scire
248 2527 287 2567 an
317 2510 431 2569 incesta
460 2513 548 2584 esset,
577 2510 709 2568 voluisti.
751 2511 784 2568 P.
804 2512 846 2568 sic
874 2513 909 2568 ut
934 2509 1007 2570 filio.
1053 2514 1100 2571 M.
1120 2532 1201 2574 neca

145 2600 207 2656 filio
230 2600 329 2673 parcit
352 2599 412 2673 qui,
436 2601 581 2673 tanquam
604 2600 701 2671 sciret,
725 2599 874 2658 occiderit.
916 2618 968 2658 cur
991 2601 1101 2662 taces?
1141 2605 1170 2662 P.

146 2689 241 2747 dolori
260 2691 359 2746 tacere
376 2688 474 2746 liceat.
516 2689 561 2746 M.
580 2689 656 2762 quis,
677 2687 711 2744 P.
732 2686 772 2761 (1.,
795 2707 855 2746 non
874 2691 995 2763 stupeat
1012 2693 1082 2750 tam
1106 2711 1171 2751 con·

144 2778 254 2836 trarios
283 2778 361 2835 senis
393 2776 536 2836 affectus?
576 2779 609 2834 in
636 2796 754 2835 rumore
784 2781 847 2835 tam
871 2780 1022 2852 suspicax,
1054 2783 1089 2840 in
1113 2788 1171 2842 tor·

145 2868 255 2924 mentis
273 2869 337 2924 tam
356 2865 456 2940 durus
478 2868 511 2924 in
529 2865 689 2942 parricidio
709 2866 810 2924 dolore
833 2869 932 2926 tacere
950 2869 1092 2942 poterit?
1114 2891 1171 2930 non

145 2955 237 3013 habet
267 2956 360 3013 alium
384 2956 509 3029 exitum,
538 2974 628 3029 quam
657 2958 692 3012 ut
722 2956 898 3030 respondere
925 2957 1006 3018 nolle
1030 2959 1200 3021 videaturs

146 3045 281 3118 quisquis
304 3043 400 3101 filium
424 3043 534 3102 occidit
557 3048 587 3102 et
609 3043 736 3119 probare
762 3064 823 3103 non
845 3047 946 3120 potest
968 3047 1053 3120 quod
1079 3051 1172 3111 occidi

146 3132 289 3191 debuerit
331 3134 363 3190 P.
383 3132 474 3192 habet
493 3135 579 3191 certe.
622 3133 709 3191 ardor
732 3133 811 3191 enim
829 3134 881 3192 ille
900 3136 952 3209 qui
970 3155 1020 3194 me
1045 3139 1173 3218 impegit

145 3222 176 3277 in
206 3221 316 3296 filium,
345 3223 412 3297 ipsa
442 3221 486 3280 sui
518 3223 706 3280 immanitate
737 3226 928 3298 consumptus
960 3229 1013 3282 est.
1073 3230 1172 3288 nullus

143 3324 340 3335 ——---------

219 3379 233 3425 1
253 3373 398 3444 negaverit
417 3384 445 3428 11
518 3380 533 3425 2
554 3373 653 3428 secreti
673 3383 701 3427 11
781 3380 796 3426 3
815 3374 983 3428 intendit—
995 3377 1106 3434 saltem
1125 3399 1171 3437 ou.

150 3453 195 3496 ΓΒ
261 3450 277 3496 5
298 3461 357 3498 6666
381 3455 427 3497 VB
504 3451 518 3498 'l
539 3446 696 3514 speciosum
716 3455 743 3498 R
812 3451 845 3498 18
864 3446 974 3514 patitur
994 3457 1023 3502 11
1099 3458 1173 3508 224

146 3521 181 3640 ἐξ
199 3515 325 3655 bibio?
349 3525 393 3569 w
464 3521 497 3568 27
518 3516 654 3570 dolorem
732 3517 860 3584 quisquis
881 3526 907 3570 11
990 3525 1024 3573 29
1047 3522 1133 3579 dirus
1150 3533 1173 3579 11

190 3808 203 3851 l.
