2430 3952
410 207 644 263 DECLAMATIO
663 209 689 262 V
707 215 784 264 2-4.
1059 209 1100 274 91

88 379 179 438 irasci
201 377 281 454 quod
302 378 421 437 nonsit
443 378 531 436 fratri
553 378 704 453 praelatus
724 397 822 455 aegro,
844 378 1034 455 impatientia
1057 381 1112 437 est·

88 467 216 526 hominis
249 467 301 542 qui
332 466 428 544 magis
461 468 583 525 ametur.
630 467 768 543 accipite,
800 466 927 541 iudices,
958 468 1102 526 maiorem

86 555 210 632 pietatis
238 574 351 631 aequae
380 555 595 631 probationem.
640 555 737 614 filium
765 574 820 615 nec
848 575 970 632 peregre
1001 557 1101 616 dimis-

87 662 174 704 surus
193 645 278 722 elegi,
291 644 376 703 iunxi
393 645 521 702 fratrum
539 645 695 720 artavique
715 646 902 704 comitatum:
926 647 956 704 et
974 648 1100 721 utroque

61 753 74 794 s
86 736 183 809 patris
202 734 295 792 latere
308 732 421 793 nudato
435 734 517 793 visus
531 752 597 793 sum
616 733 690 792 mihi
703 735 798 811 magis
817 733 972 793 habiturus
986 736 1101 793 utrum·

87 841 146 899 que
173 841 302 899 mecum,
328 823 355 882 si
381 823 494 899 pariter
522 826 626 882 essent.
671 823 748 882 hanc
776 823 856 898 apud
882 842 929 881 me
960 823 1100 882 iuvenum

87 911 302 988 aequalitatem
320 911 412 970 stiam
424 911 457 969 in
472 911 693 971 calamitatibus
711 912 833 970 fortuna
851 913 989 971 servavit.
1020 914 1100 970 uter·

86 1019 144 1076 qne
169 1002 273 1078 captus
297 1003 355 1076 est,
383 1000 469 1059 ambo
493 1000 530 1058 de
552 1000 753 1076 redemptione
779 1002 967 1076 scripserunt.
1014 1000 1099 1060 dissi·

84 1090 181 1149 mules
203 1090 287 1163 licet,
314 1090 424 1148 iterum
447 1091 548 1148 tamen
571 1091 601 1148 et
627 1089 706 1148 inter
730 1089 854 1149 adversa
878 1092 1100 1166 persuasionem

46 1178 209 1239 securioris
231 1179 359 1238 invenio.
395 1180 427 1236 in
451 1179 626 1254 captivitate
645 1180 794 1237 communi
816 1181 889 1255 puto
912 1181 1010 1238 minus
1035 1197 1099 1256 spe-

83 1269 166 1327 ravit
187 1267 239 1326 ille
262 1266 298 1326 de
321 1269 416 1343 patre,
440 1268 492 1343 qui
514 1267 655 1344 languere
679 1269 786 1343 coepit.

151 1356 198 1414 Tu
220 1355 294 1414 mihi
316 1375 405 1431 nune,
426 1356 673 1431 impotentissime
696 1356 820 1430 iuvenis,
843 1359 886 1431 tu,
909 1375 1027 1432 quaeso,
1050 1357 1133 1415 red

84 1444 205 1520 sponde,
220 1444 292 1520 quid
310 1444 393 1504 aliud
410 1445 507 1504 facore
525 1444 660 1504 debuerit
677 1447 765 1521 pater
779 1444 852 1504 duos
871 1443 1099 1521 redempturus?

83 1536 206 1593 cunctas
228 1534 387 1594 facultates
406 1535 438 1592 in
459 1534 557 1609 pretia
576 1534 696 1611 collegi:
718 1552 779 1607 rus,
802 1535 944 1607 servulos,
966 1536 1098 1610 penates,

43 1641 69 1682 rs
83 1625 115 1682 et
137 1623 238 1682 omnia
256 1623 364 1682 viliora
381 1621 590 1699 properantius
608 1623 800 1682 festinatione
817 1623 968 1698 perdentis
988 1612 1098 1697 addixi,

83 1713 114 1770 et
142 1712 222 1771 ultra
250 1731 340 1787 quam
370 1730 431 1770 non
463 1713 562 1787 potest
590 1712 758 1789 excogitare
791 1729 922 1771 summus
956 1711 1098 1787 adfectus,

81 1799 160 1858 nihil
187 1801 332 1860 senectuti
358 1819 454 1874 meae,
482 1800 558 1859 nihil
586 1800 683 1860 dubiis
711 1799 827 1859 casibus
849 1832 894 1842 -
916 1820 971 1876 pro
996 1801 1097 1859 incon-

82 1889 165 1948 sulta
185 1889 296 1966 piatas!
315 1920 367 1965 -,
392 1889 468 1947 nihil
490 1908 586 1965 neque
604 1889 665 1948 illis
684 1890 842 1963 reservavi,
866 1908 939 1965 quos
958 1889 1096 1949 redemis-

81 1996 152 2038 sem.
200 1981 353 2054 quantum,
375 1977 495 2053 iudices,
518 1979 558 2037 ad
579 1978 695 2054 piratas
718 1977 851 2053 tulerim,
874 1980 948 2038 scire
971 1979 1096 2055 potestis

41 2085 68 2126 ro
82 2086 119 2125 ex
145 2067 201 2126 hac
227 2068 314 2126 fama.
360 2066 452 2126 fuerit
477 2069 608 2142 pretium
638 2067 711 2126 licet
738 2067 876 2145 exiguum
902 2087 1097 2144 parvumque,

81 2157 154 2214 dum
171 2157 283 2232 totum3
300 2155 404 2233 fingite
423 2156 588 2230 quamlibet
606 2156 738 2230 divitem,
754 2157 918 2231 quamlibet
934 2176 1096 2233 pauperem

79 2247 212 2321 patrem,
239 2264 325 2304 nemo
352 2264 486 2321 unquam
513 2246 580 2322 plus
608 2265 662 2321 pro
690 2245 792 2304 liberis
821 2244 903 2304 dedit
930 2265 1021 2321 quam
1045 2247 1096 2321 qui

80 2333 139 2393 sibi
162 2333 237 2392 nihil
259 2333 389 2410 reliquit
435 2335 574 2392 utrumne
596 2334 699 2410 igitur,
722 2333 847 2409 iudices,
875 2354 961 2393 nemo
984 2337 1095 2393 morta·

79 2423 156 2482 lium
187 2422 278 2482 habet
305 2423 436 2499 pretium
464 2423 626 2499 plurimum
657 2421 839 2482 liberorum?
884 2442 922 2481 an
951 2423 1095 2498 piraticae

39 2530 65 2571 ss
79 2511 211 2571 feritatis
232 2512 386 2588 ingenium
409 2513 453 2571 est
474 2512 507 2570 in
530 2513 716 2588 captivorum
738 2513 891 2571 taxatione
909 2512 988 2571 solos
1008 2514 1095 2571 aesti-

152 2735 456 2876 2maiogmadddtdtdd
475 2807 559 2876 (supr.
575 2807 603 2873 o)
674 2805 812 2876 Murri}
829 2815 862 2858 M
930 2804 1046 2859 fratrem
1065 2816 1097 2860 ll

79 2911 211 2985 (sanam
228 2913 303 2982 aar
380 2903 492 2985 assus
511 2876 676 2981 iusidias
695 2921 723 2964 n
799 2912 890 2982 mans
912 2912 983 2965 man
1005 2923 1027 2965 ν

80 2982 240 3039 iservabit
256 2992 285 3037 Β
355 2985 527 3052 8raptuss
599 2982 750 3066 dissimiles
768 2992 820 3035 BV
889 2983 1037 3037 9interim
1055 2994 1093 3053 Μ,

78 3089 126 3145 vel
143 3089 247 3144 iterum
269 3107 343 3214 srtclpr.
358 3110 390 3142 m
480 3095 513 3143 10
532 3072 631 3144 invedo
650 3099 678 3142 Β
695 3090 715 3160 (1
733 3107 808 3159 supr.
824 3089 876 3160 W)
967 3096 1000 3144 12
1019 3108 1093 3146 nunc

79 3178 130 3217 om.
149 3170 171 3214 v
236 3167 268 3215 13
308 3160 437 3215 abuerint
454 3170 482 3213 Β
549 3166 583 3214 14
601 3162 702 3214 cuncta
719 3171 744 3214 J
795 3161 825 3214 in
843 3161 935 3231 pretia
953 3178 1003 3216 om.
1023 3172 1044 3214 ν

81 3231 202 3304 collegi}
220 3242 252 3286 Β
302 3234 438 3302 poenates
456 3241 484 3284 Β
540 3237 572 3284 15
592 3231 692 3286 viliora
711 3253 741 3285 a:
761 3231 876 3287 utiliora
893 3234 1001 3302 reliqui,
1019 3233 1093 3288 made

80 3310 106 3358 ct
122 3324 155 3357 m
171 3305 203 3359 iu
221 3321 320 3376 maru:
339 3304 385 3358 vel
402 3302 525 3369 utiliora,
545 3304 574 3357 et
591 3303 645 3357 hoc
663 3302 757 3372 plures
776 3303 843 3358 libri
861 3303 967 3358 habent
1028 3322 1092 3373 pro-

80 3374 225 3444 perantius
241 3374 319 3431 Deos.
331 3392 361 3445 p.
372 3378 422 3430 98:
441 3374 657 3444 properantibus
676 3376 916 3444 (prosperantibus
930 3377 960 3445 s)
975 3397 1010 3442 ως
1029 3393 1093 3445 pro-

80 3446 227 3515 perantis·
300 3452 332 3500 17
352 3445 615 3500 senectuti-nihil
634 3462 683 3500 om.
700 3455 727 3498 P
791 3446 875 3501 nihil:
894 3445 1000 3513 mechil
1022 3456 1043 3498 V

80 3516 164 3587 proh:
182 3517 269 3587 proch
284 3527 312 3571 Ρ
365 3523 398 3572 18
416 3516 474 3571 illis
494 3538 523 3572 a:
543 3515 586 3569 illi
606 3529 658 3581 syo
710 3533 779 3586 quos
793 3527 851 3570 ΒΒ
868 3521 909 3589 (os
923 3519 955 3572 c'c
968 3533 1023 3572 rus.
1038 3519 1090 3588 Μ>ι

81 3604 165 3659 quem
186 3597 254 3654 vary

1056 3716 1156 3733 affl
