2430 3952
390 224 412 242 ⁴-
448 203 683 260 DECLAMATIO
701 205 735 260 n
1034 206 1099 271 359

87 374 153 432 ideo
181 374 300 434 videtur
327 373 405 450 quod
430 373 556 452 fingeret
587 393 618 434 se
650 373 851 434 dormientem.
894 374 972 450 quod
1001 377 1103 434 autem

88 482 235 522 venenum
256 465 411 523 inventum
434 463 492 522 fruit
509 462 542 522 in
564 463 631 523 sinu
654 463 717 523 eius
736 467 766 523 et
787 463 904 541 gladius
927 466 1100 524 cruentatus

89 552 127 610 ad
150 555 239 628 caput
268 554 345 627 eius,
375 552 513 629 apposita
536 555 622 612 erant
643 552 709 629 ipso
735 554 893 630 ignorante
923 555 954 612 et
975 571 1035 612 non
1057 555 1101 612 vi-

90 641 190 715 dente,
220 661 288 702 oum
311 659 414 701 caecus
437 643 490 716 sit,
518 644 548 700 et
574 642 630 701 hoc
653 661 672 701 a
694 659 822 701 noverca
849 660 925 716 quae
948 661 1102 717 nunquam

62 729 247 791 efiliastrum
265 730 367 808 diligit
384 730 562 790 naturaliter
584 730 636 789 sed
658 730 730 806 odit,
753 733 784 790 et
803 732 903 806 etiarn,
922 733 958 789 ut
975 749 1028 807 per
1045 731 1102 790 hoe

88 819 140 876 ille
154 819 290 895 perderet
303 819 507 893 hereditatem,
526 821 640 895 etipsa
659 837 725 877 earn
738 819 868 878 haberet.
903 819 984 894 quod
1002 821 1103 879 autem

89 926 192 968 caecus
214 910 425 986 interrogatus,
448 912 550 967 utrum
571 927 718 967 venenum
739 908 874 982 haberet,
902 910 1036 986 negavit,
1068 928 1103 967 ex

88 997 259 1056 innocentia
282 999 344 1057 eius
363 999 429 1056 fuit.
476 998 554 1073 quod
577 999 678 1056 autem
700 998 822 1057 invento
844 999 877 1056 in
900 998 967 1057 sinn
990 1016 1103 1058 veneno

88 1087 288 1163 interrogatus
312 1088 360 1145 oui
382 1089 525 1162 parasset,
548 1088 682 1164 negavit,
706 1089 811 1163 stupor
833 1087 892 1145 fuit
915 1087 992 1146 sicut
1013 1086 1102 1145 homo

50 1197 75 1235 ro
90 1177 190 1252 stupet
218 1177 283 1236 visa
312 1195 345 1234 re
370 1175 539 1236 incredibili
561 1177 591 1234 et
617 1175 817 1234 inaestimata.
863 1177 889 1235 si
902 1177 991 1234 -enim
1015 1175 1103 1234 aliter

90 1267 178 1338 esset,
212 1283 272 1324 non
303 1264 459 1339 tacuisset3
493 1283 562 1323 nam
594 1265 723 1324 sentiens
753 1282 784 1323 se
815 1284 900 1324 reum
936 1265 1012 1324 solet
1042 1283 1102 1323 non

89 1356 195 1426 tacere,
219 1352 270 1412 sed
288 1354 320 1410 in
338 1353 432 1412 alium
450 1355 561 1412 crimen
579 1352 743 1412 refundere.
789 1373 881 1411 unum
902 1372 1013 1412 novum
1035 1372 1102 1413 reus

89 1461 183 1500 unum
208 1461 292 1500 reum
319 1445 350 1500 et
377 1444 482 1502 cetera.
524 1445 678 1517 praeterea
706 1443 852 1517 quomodo
879 1441 1033 1518 probabile
1058 1445 1104 1502 est

90 1529 170 1605 quod
193 1549 295 1591 caecus
316 1531 428 1590 diceret
453 1549 598 1590 novercae
626 1530 705 1605 quod
726 1531 892 1608 porrigeret
913 1532 995 1606 patri
1016 1549 1103 1590 vene·

50 1641 76 1680 15
90 1639 174 1695 num,
198 1638 266 1678 cum
287 1621 415 1680 nesciret
436 1622 537 1679 namn
559 1622 625 1695 ipsa
648 1620 738 1678 vellet
761 1620 817 1679 boo
838 1620 949 1694 facere,
975 1618 1055 1694 quod
1078 1623 1104 1678 si

90 1709 197 1781 nollet,
233 1710 313 1784 patri
349 1709 525 1768 ostenderet.
568 1711 598 1768 et
632 1711 801 1784 praeterea,
843 1710 895 1783 qui
930 1711 1103 1784 procuravit

89 1797 197 1856 habere
221 1817 381 1872 venenum,
408 1799 477 1856 ante
506 1816 596 1873 quam
623 1797 712 1856 sciret
737 1799 840 1856 utrum
863 1815 990 1856 noverca
1012 1797 1104 1856 vellet

90 1886 166 1946 illud
201 1888 282 1962 patri
313 1885 392 1946 dare.
438 1889 468 1946 et
499 1888 666 1962 praeterea,
699 1886 766 1962 quis
797 1887 925 1946 confecit
957 1905 1104 1946 venenum

91 1993 186 2037 caeco.
234 1977 264 2035 et
294 1975 346 2050 qui
374 1975 483 2035 mulier
514 1995 575 2034 non
605 1975 690 2050 dicit,
730 1975 810 2050 qnod
838 1975 1021 2050 inquiratur,
1052 1978 1104 2050 qui

50 2087 76 2125 20
90 2064 211 2124 fuerunt
233 2065 422 2139 confectores,
448 2065 507 2124 nisi
533 2066 604 2140 quia
628 2064 695 2140 ipsa
717 2064 793 2122 illud
816 2065 943 2124 confecit
964 2065 1013 2125 vel
1036 2083 1102 2124 con-

89 2153 138 2212 fici
166 2153 246 2213 fecit.
286 2156 440 2230 praetcrea
471 2153 551 2229 quod
580 2172 684 2214 caecus
713 2155 851 2213 inventus
883 2156 929 2212 est
961 2157 1043 2213 stans
1073 2154 1104 2212 in

90 2242 192 2301 limine
216 2243 427 2317 cubicellum,
454 2242 511 2302 hoe
534 2245 590 2316 est,
621 2244 694 2317 quia
716 2244 861 2302 excitatus
885 2242 923 2301 ad
946 2245 1104 2319 strepitum

91 2331 228 2390 auditum
249 2334 281 2389 in
304 2333 440 2391 cubiculo
462 2331 557 2408 patris
580 2334 610 2391 et
628 2330 667 2389 ad
689 2350 863 2391 concursum
884 2331 1018 2391 familiae
1040 2351 1103 2391 sur-

90 2421 207 2478 rexerat
230 2422 260 2478 et
282 2420 383 2480 stabat
405 2421 491 2496 quasi
514 2421 659 2480 attonitus
683 2422 713 2480 et
735 2422 857 2496 stupens
882 2420 921 2478 ad
944 2421 1104 2480 clamorem

50 2529 77 2569 as
91 2510 122 2566 et
143 2511 267 2584 paratus
290 2527 357 2568 cum
380 2510 447 2569 aliis
470 2528 595 2583 currere,
617 2508 676 2569 nisi
697 2510 817 2569 timeret
839 2508 1056 2568 offendiculum.

162 2648 179 2695 4
193 2641 292 2695 hocca
300 2641 391 2696 haec?
404 2652 435 2695 ra
484 2649 516 2696 12
527 2644 753 2697 unum—cetera
762 2643 779 2698 l.
787 2646 835 2696 13:
845 2643 927 2697 cerba
935 2647 1065 2711 corrupto
1072 2658 1106 2696 ex

90 2714 158 2768 Icto
172 2713 290 2782 quodem
299 2712 521 2782 deprmaptcesse
535 2715 649 2769 connect
658 2715 792 2768 Hamewr
845 2719 879 2766 25
889 2716 920 2767 ia
928 2715 1052 2783 margine
1061 2715 1105 2766 ta-

90 2786 189 2852 fers'ore
198 2800 307 2850 causae,
315 2801 366 2839 cur
374 2791 583 2854 eoccaapatrem
592 2801 648 2839 noa
658 2785 794 2851 crederit,
802 2785 854 2840 bae
862 2786 954 2852 form
963 2786 1104 2861 legaretur:

90 2961 154 2998 cum
164 2943 552 3013 quiaprocuravitvencnum‚
562 2946 714 3013 antequam
724 2942 1018 3013 seiretanipsavellet
1028 2942 1103 2998 dare.

91 3032 154 3100 cum
168 3015 231 3100 quis
246 3015 367 3070 confecit
380 3030 518 3069 venenum
532 3030 625 3084 caeco,
639 3017 668 3070 et
681 3031 768 3084 quare
781 3015 844 3084 ipsa
857 3032 914 3068 non
927 3014 988 3068 vult
1002 3015 1037 3068 de
1050 3015 1105 3069 hoc

92 3104 353 3227 qnldldlualdlobiecta
371 3157 447 3225 qnod
464 3172 601 3212 venenum
620 3157 650 3209 in
673 3157 736 3211 sinu
755 3159 784 3211 et
806 3156 918 3227 gladius
940 3159 1102 3212 cruentatus

127 3228 253 3296 inlecto,
267 3230 337 3284 haee
351 3229 484 3299 apposita
494 3231 543 3298 (aa
556 3228 707 3298 opposita),
721 3229 789 3298 quia
803 3244 901 3283 caecus
916 3231 972 3282 eta
985 3244 1105 3287 noverca

126 3299 294 3354 naturaliter
312 3300 426 3355 odiente
445 3302 473 3354 et
491 3300 527 3354 ob
550 3299 738 3354 hereditatem
758 3299 926 3354 habendam.

91 3387 155 3424 cum
173 3370 361 3442 interrogatus
379 3371 470 3425 tacuit
491 3387 525 3426 ex
543 3371 712 3426 innocentia.
745 3387 812 3425 nam
829 3387 893 3425 reus
911 3389 999 3425 unum
1016 3387 1103 3425 rcum.

92 3459 156 3526 cum
174 3441 204 3495 in
222 3441 320 3496 limine
339 3443 389 3511 qni
407 3443 544 3498 excitatus
563 3442 639 3512 quod
653 3442 787 3511 strepitus
806 3444 835 3497 et
854 3444 969 3512 stupens
988 3444 1105 3511 paratus

91 3515 356 3658 nimrim.
440 3548 444 3559 ’
