2430 3952
129 218 194 284 332
425 215 577 272 mucuns
593 216 634 271 IN
652 214 811 271 munus!
828 217 841 271 Ι

128 389 283 447 incertum.
325 405 425 447 corum
448 385 585 446 omnibus
606 389 748 461 torquere
767 385 857 444 debet
876 385 973 447 filiurn
994 391 1090 464 puter,
1112 392 1147 448 et

129 478 184 552 qui
204 476 273 535 vult
295 474 448 536 obsoluere
470 478 501 536 et
523 477 576 551 qni
597 477 644 534 est
665 477 789 552 perustus
812 475 950 535 occidere.

196 565 266 624 Non
277 565 380 639 uultis,
397 563 517 640 iudices,
532 563 571 623 ed
588 565 705 623 focinus
721 563 945 641 indignissimae
960 566 1147 640 quaestionis

130 653 266 728 accedet,
297 655 328 712 et
355 653 437 728 quod
464 656 529 730 ipse
560 655 650 712 torsit
678 652 774 711 filiurn
802 656 896 728 peter.
943 654 1056 714 adeone
1084 674 1147 715 non

129 745 230 819 potuit
255 741 372 802 libertis
399 744 452 802 out
479 741 604 802 servulis
631 744 793 801 necessitas
813 743 874 800 istu
895 741 1054 802 mendosi?
1084 762 1147 804 non
1169 762 1189 806 's

130 833 263 891 wuito:
292 832 395 907 potius
426 829 583 890 adbiberi?
627 837 714 906 poter
744 833 777 889 in
808 833 966 890 tormentis
996 832 1052 891 filii
1083 853 1146 892 non

130 938 249 980 euersos
272 921 371 979 tenuit
394 920 502 994 oculos,
525 922 589 996 ipse
608 923 707 979 uestes
724 919 821 994 scidit,
843 921 1014 979 uelamenta
1031 922 1146 981 luceru·

129 1012 187 1085 uit,
214 1008 354 1068 menibus
380 1009 503 1086 flagello
529 1008 689 1083 concussit,
716 1010 873 1069 renouauit
897 1011 983 1087 ignes
1010 1013 1040 1068 et
1066 1015 1148 1071 mori

128 1099 225 1157 filium
247 1099 435 1158 contentione
458 1117 520 1156 non
537 1099 618 1173 sivit,
641 1097 757 1157 diduxit
775 1116 807 1157 os
827 1097 987 1173 quodiam
1005 1118 1148 1174 supreme

70 1214 78 1225 =
129 1187 320 1261 claudebant,
343 1187 420 1246 fouit
443 1189 588 1261 animum,
616 1189 651 1245 ut
672 1186 770 1264 longis
794 1187 974 1246 cruciatibus
995 1189 1148 1263 potientis
1162 1209 1192 1250 re

129 1276 285 1336 sufficeret
331 1295 351 1334 o
381 1276 503 1354 dignum
534 1279 652 1351 putrem
683 1278 732 1334 cui
763 1276 845 1335 dicut
878 1277 1019 1336 innocens
1050 1277 1148 1338 filius:

130 1360 218 1424 effeci.)

195 1454 266 1513 Non
287 1453 468 1513 mehercules
494 1453 618 1530 inprobe
640 1453 715 1512 mihi
739 1455 977 1529 proclamatum
1000 1455 1057 1514 boc
1079 1456 1148 1516 leco

129 1543 233 1602 uideor
259 1544 409 1603 hominem
433 1543 484 1618 qui
510 1545 669 1618 torquetur
694 1545 726 1600 in
748 1545 888 1617 metrum,
916 1543 1023 1602 debere
1044 1561 1148 1603 coeum

128 1635 224 1691 matre
246 1633 389 1707 torqueri
425 1650 478 1690 cur
496 1632 664 1691 excluditur
684 1632 790 1690 infelix
811 1650 831 1690 s
853 1651 909 1692 sue
931 1651 1030 1708 ceusu,
1054 1652 1074 1691 e
1090 1653 1148 1694 sus
1162 1650 1191 1694 rs

130 1719 326 1797 quaestione?
362 1720 471 1780 adhibe
489 1721 614 1797 speciosi
633 1720 812 1780 cruciatibus
834 1721 911 1780 bene
929 1722 1018 1780 nimis
1042 1741 1147 1796 ernon·

129 1813 200 1885 tem,
213 1809 302 1870 huius
316 1812 443 1887 gemitus
463 1811 571 1885 excipe,
587 1809 676 1868 huius
694 1809 823 1886 suspirie
841 1810 1003 1885 oculosque
1015 1811 1147 1871 custodi:

129 1901 157 1959 si
184 1899 263 1974 quod
290 1900 406 1957 fucinus
435 1897 597 1958 admissum
624 1900 681 1973 est,
711 1898 864 1974 torquebis
891 1899 1011 1974 quidem
1039 1899 1147 1977 filium,

76 1983 115 2040 14
129 1988 182 2047 sed
202 1987 348 2046 fatebitur
368 1989 472 2045 meter.
517 1988 687 2061 inrumpere
709 2005 756 2046 me
778 1990 844 2045 tum
865 1990 995 2047 maxime
1015 1991 1089 2064 puta
1112 1991 1147 2048 in

129 2077 207 2134 illud
232 2079 330 2149 tirum,
357 2075 520 2150 parricide,
548 2079 708 2134 secretum:
735 2077 825 2136 inicio
853 2077 1026 2153 properanti
1054 2096 1146 2154 quoe-
1160 2099 1191 2140 ss

129 2166 222 2224 stioni
239 2183 370 2238 menum,
388 2164 490 2223 inhibe
507 2166 593 2239 ictus,
613 2165 753 2224 subtrahe
771 2165 924 2242 paulisper
941 2167 1032 2243 ignes
1063 2170 1146 2242 quic·

131 2254 203 2329 quid
226 2257 271 2312 est
294 2253 373 2328 quod
396 2253 512 2328 eruisti,
536 2255 636 2328 profer
657 2256 690 2311 in
712 2255 851 2329 medium,
876 2258 1024 2314 memento
1047 2259 1079 2314 te
1102 2258 1146 2315 fe·

130 2343 203 2402 cisse
231 2343 268 2401 de
290 2342 368 2417 filio,
392 2342 616 2418 propterquod
643 2343 700 2402 tibi
722 2363 782 2402 non
806 2343 912 2403 debeat
937 2344 1023 2402 credi.
1071 2347 1146 2420 quid

130 2434 269 2508 spiritum
292 2432 392 2490 dolore
419 2430 620 2508 praecipites?
665 2432 737 2508 quid
760 2434 885 2492 miserae
907 2433 1070 2491 intervella
1090 2454 1145 2510 pu·

15 2598 19 2603 ¹
129 2521 253 2582 tientioe
276 2521 423 2598 pertinaci
442 2520 619 2580 crudelitate
637 2523 801 2607 continues,
825 2524 850 2580 si
873 2523 986 2581 frustra
1007 2522 1064 2580 tibi
1082 2525 1144 2581 suf·
1160 2543 1188 2585 ss

128 2611 214 2670 ficere
237 2611 333 2669 credis
357 2609 436 2685 quod
459 2610 600 2683 audisne,
623 2613 774 2684 nuntiare,
797 2609 952 2686 proferre?
996 2613 1144 2671 incestum

128 2703 163 2759 ut
187 2700 331 2773 credetur,
354 2702 419 2774 ipse
441 2698 529 2758 debet
552 2698 657 2756 audiri.

203 2923 374 2976 lincestum
392 2931 413 2974 V
482 2927 613 2974 3ncnne
631 2920 766 2976 videtis?
838 2921 972 2976 olibetis
989 2933 1019 2975 Ρ
1087 2940 1144 2978 ser-

128 2993 198 3048 volis
217 3002 245 3046 B
319 2993 375 3047 iste
393 3010 443 3047 cm.
459 3001 523 3060 BM,
541 3010 616 3061 supr.
631 3014 663 3045 m
736 2992 900 3046 tedverscs
920 3002 952 3047 M
1021 2994 1103 3048 scivit
1122 3018 1144 3048 ω

130 3067 155 3132 (c
174 3065 223 3118 del.
238 3066 288 3133 Ι);
311 3076 411 3119 eorus
500 3063 613 3117 edixit
631 3080 661 3117 cs
679 3073 739 3117 Μ
755 3063 808 3133 (vel
825 3081 845 3116 u
862 3065 1090 3132 m);dedu1itc

131 3141 168 3188 10
187 3134 338 3189 eludebant
356 3145 385 3188 Ρ
470 3135 646 3204 petientibus
663 3144 685 3187 7
771 3140 802 3188 11
828 3136 979 3191 sufficeret:
1002 3136 1066 3191 ies·
1083 3153 1099 3190 e
1118 3147 1146 3191 Ι

130 3247 163 3296 13
182 3206 333 3295 mebrcules
352 3251 390 3309 υς
408 3241 586 3312 mehercule}
603 3251 636 3294 M
704 3241 881 3311 proclsturus
898 3251 935 3308 M,
957 3259 1006 3296 me.
1020 3261 1096 3312 supr.
1111 3265 1146 3296 u·

130 3319 164 3367 14
182 3315 296 3395 torquet
313 3322 341 3366 Ι
395 3319 426 3366 16
446 3313 621 3382 quaestionis
638 3322 672 3378 B,
691 3324 792 3367 cerm
847 3313 930 3367 udibe
944 3323 978 3381 Β,
997 3314 1016 3366 h
1034 3326 1144 3383 supr]

131 3425 163 3475 17
183 3402 279 3489 supirb
297 3428 325 3472 B
409 3425 442 3474 18
460 3419 605 3487 torquebis
624 3437 657 3474 eu
676 3419 712 3472 -it
729 3429 762 3473 M
841 3425 873 3473 19
894 3438 957 3475 cum
976 3434 1007 3488 (η
1025 3438 1094 3476 corr.
1110 3435 1146 3487 us

130 3533 165 3583 ti
182 3543 282 3581 munus
296 3535 335 3594 153
349 3497 439 3595 mens}
451 3535 483 3579 M
534 3506 660 3595 piusper
677 3535 708 3579 Ι
754 3532 787 3579 25
803 3527 975 3582 continueris
987 3550 1023 3595 <⁰3
1042 3543 1112 3582 cerr.
1128 3540 1148 3581 ο

124 3604 163 3650 27
180 3598 266 3652 debet
283 3597 346 3668 ipse
365 3607 385 3650 V
