2430 3952
141 174 204 243 102
466 172 589 231 Accua
606 171 829 232 aurumve

86 344 124 400 15
204 343 253 403 Me
276 341 410 418 quidem,
437 342 562 417 iudices,
590 342 706 417 siquis
733 343 910 421 interroget,
938 343 1073 406 condicio
1099 343 1156 403 illa

138 452 197 491 non
219 430 278 489 fuit
299 450 384 506 vera,
412 450 472 490 non
494 432 632 508 simplex,
659 431 823 507 habuitque
849 431 994 508 piraticae
1021 432 1154 493 feritatis

137 523 298 598 ingenium.
345 540 469 599 semum
495 521 569 581 mihi
591 522 759 604 nonklicuit
781 521 961 597 relinquere,
988 520 1076 583 licuit
1100 522 1154 580 eli-

138 629 215 687 gere.
257 629 296 669 an
318 610 364 671 fas
387 611 478 673 fuisse
501 610 605 684 credis,
627 612 662 669 ut
683 612 769 669 iuxta
790 611 968 671 moriturum
989 612 1026 671 tu
1047 611 1154 673 reode-

137 697 232 761 reris?
255 702 286 759 et
303 699 436 759 homines
456 701 519 759 eius
536 699 743 773 imanitatis,
764 700 799 757 ut
816 701 938 774 possent
955 698 1064 758 liberos
1084 719 1154 763 cum
1183 721 1194 759 5

137 791 223 865 patre
241 788 356 864 partiri,
375 791 548 865 paterentur
566 805 633 847 eum
652 787 708 847 sibi
726 788 856 863 relinqui
875 807 964 864 quem
981 790 1154 863 periturum

139 897 174 939 ex
191 877 247 936 hoc
264 877 432 953 probabant
450 877 530 952 quod
547 876 634 937 illum
647 879 733 953 pater
746 897 806 937 non
821 875 972 954 eligebat?
1002 879 1154 953 temptata

139 969 185 1027 est
206 967 314 1026 misera
336 966 447 1042 pietas,
471 967 501 1026 et
522 966 636 1040 placuit
658 965 713 1027 hoc
737 985 855 1041 quoque
880 965 950 1025 addi
972 966 1153 1029 calamitati-

138 1055 194 1115 bus
226 1056 348 1131 nostris,
380 1058 415 1112 ut
447 1073 584 1117 onererer
615 1054 727 1129 pudore
755 1054 934 1115 condicionis
962 1057 1062 1130 partes
1091 1075 1153 1115 non

138 1143 283 1205 habentis.
330 1163 398 1202 cum
424 1145 456 1202 in
479 1144 700 1219 comparatione
724 1145 790 1206 sani
813 1161 900 1221 aeger
925 1143 1056 1218 offertur,
1083 1144 1152 1205 ideo
1168 1165 1194 1205 ro

138 1234 268 1309 ponitur,
291 1235 326 1291 ut
348 1233 484 1310 eligatur.

205 1320 359 1398 Superest,
386 1323 445 1381 nisi
467 1322 565 1398 fallor,
592 1321 717 1396 iudices,
745 1324 779 1380 ut
807 1340 874 1381 cum
897 1320 954 1380 sibi
980 1322 1153 1396 praelatum

137 1411 261 1473 bahem
293 1413 448 1487 queratur,
481 1411 659 1486 aestimetis,
691 1413 752 1471 utri
784 1413 856 1469 tunc
888 1411 983 1487 magis
1015 1408 1153 1469 debuerit

137 1502 235 1576 pietas
261 1503 363 1561 nostra
390 1519 567 1563 succurrere.
614 1503 658 1560 est
686 1500 819 1576 quidem,
846 1499 971 1572 iudices,
1000 1499 1152 1558 humanae

136 1589 321 1651 infirmitatis
343 1591 404 1648 ista
430 1592 553 1664 natura,
578 1592 614 1648 ut
636 1608 672 1647 ex
694 1588 831 1648 omnibus
860 1587 1059 1647 accidentibus
1083 1608 1152 1666 gra-
1167 1609 1191 1649 rs

137 1679 291 1740 vissimum
313 1681 401 1755 putet
424 1678 550 1754 quisque
574 1678 653 1753 quod
674 1679 799 1753 patitur,
826 1678 868 1750 et,
892 1696 959 1736 oum
981 1677 1080 1735 aliena
1103 1695 1151 1736 co-

137 1768 332 1845 gitationibus
355 1770 457 1828 nostra
476 1768 575 1827 dolore
594 1768 769 1841 tractentur,
791 1783 908 1825 necesse
927 1768 973 1824 est
991 1765 1073 1842 apud
1094 1767 1151 1825 im-

137 1858 316 1932 patientiam
348 1875 432 1917 suam
463 1856 511 1915 vel
542 1855 657 1917 minora
689 1855 890 1930 praevaleant.
942 1855 1071 1931 languor
1107 1859 1152 1915 est

137 1948 251 2020 tamen,
278 1946 406 2021 languor
433 1944 482 2003 cui
509 1945 616 2003 merito
640 1946 781 2004 cesserint
808 1947 931 2003 cunetae
954 1944 1151 2018 calamitates,

137 2033 168 2092 in
192 2035 274 2095 cuius
293 2035 513 2108 comparatione
531 2033 678 2093 consolari
700 2051 730 2092 se
753 2035 852 2109 potest
874 2051 967 2109 genus
986 2051 1071 2091 omne
1095 2036 1150 2093 mi-
1166 2054 1192 2093 ao

138 2141 276 2181 sororum.
323 2124 453 2198 stringat
474 2123 545 2181 licet
567 2140 673 2181 manus
696 2141 785 2181 saeva
808 2123 976 2196 captivitas,
1000 2122 1151 2196 profunda

139 2211 263 2271 carceris
285 2213 372 2269 nocte
394 2209 525 2271 membra
553 2210 737 2286 claudantur,
766 2212 855 2269 datur
880 2213 983 2270 tamen
1010 2211 1151 2272 collidere

139 2303 271 2374 catenas,
295 2301 377 2359 artus
401 2299 554 2359 extrahere
577 2300 713 2374 nexibus,
736 2302 766 2357 et
788 2299 878 2359 habet
902 2299 1018 2374 aliquid
1041 2318 1151 2374 aequa-

137 2388 284 2451 nimitatis
318 2407 383 2448 cum
417 2407 513 2465 poena
545 2406 599 2448 sua
627 2407 713 2464 posse
744 2388 843 2447 rixari.
890 2390 1026 2449 saeviunt
1057 2408 1152 2467 regna

137 2478 307 2553 tormentis,
339 2478 419 2537 bella
446 2478 631 2552 vulneribus,
664 2478 715 2537 sed
746 2479 842 2536 levius
875 2477 975 2536 adficit
1008 2479 1151 2552 quicquid
1165 2499 1192 2539 ro

138 2569 251 2630 viribus
274 2567 362 2641 feras,
385 2569 500 2627 etcum
521 2569 554 2625 in
575 2567 696 2642 plenum
715 2566 811 2625 adhuc
831 2566 1006 2642 sanguinem
1025 2566 1151 2625 adversa

139 2657 321 2731 ceciderunt,
357 2656 551 2732 repugnantis
587 2655 700 2715 roboris
734 2655 944 2715 colluctatione
981 2657 1150 2715 vincuntur.

139 2765 213 2820 quos
231 2747 379 2806 cruciatus
399 2763 560 2820 compares,
573 2763 661 2819 quern
679 2745 818 2818 dolorem,
833 2762 901 2803 cum
918 2746 1038 2819 penitus
1057 2746 1151 2804 visce-

138 2834 220 2892 ribus
243 2834 376 2893 immissa
402 2834 487 2895 tabes
509 2833 617 2895 cotidie
641 2834 757 2909 aliquid
780 2852 815 2892 ex
841 2833 960 2892 homine
982 2834 1151 2909 praemittit

140 3096 144 3101 -
211 3063 301 3111 lme:
325 3074 361 3114 ne
383 3068 404 3110 v
472 3056 601 3125 tpirate
619 3064 662 3123 11,
684 3055 729 3111 vel
747 3056 852 3109 tieem
923 3055 1082 3122 feritasM,
1106 3057 1151 3109 vel

107 3129 207 3184 -tatis
225 3145 345 3197 samm
407 3126 803 3197 epatrerecm.1²,odd.p
866 3129 1152 3196 vermiculare

139 3202 168 3254 et
186 3199 249 3254 add.
264 3199 399 3255 videbant
416 3202 457 3270 111)
533 3198 693 3269 probabant
711 3214 745 3252 ex
762 3198 816 3252 hoc
834 3197 910 3265 quod
928 3208 960 3250 11
1049 3205 1081 3251 10
1100 3199 1150 3252 ha-

138 3271 211 3326 betis
229 3280 257 3327 11
328 3277 360 3325 12
380 3273 424 3326 ut:
443 3274 473 3327 et
486 3280 523 3336 11,
543 3288 578 3326 er.
593 3276 619 3325 et
635 3272 668 3325 ut
685 3286 806 3338 sapam
879 3273 912 3321 14
931 3269 1092 3336 etquidem
1112 3280 1149 3337 M,

138 3342 183 3397 rel
201 3344 244 3397 est
261 3359 337 3410 supr.
352 3364 383 3395 m
438 3347 472 3396 lc
490 3344 591 3396 natura
609 3343 652 3396 est
670 3343 703 3394 ut
716 3349 749 3394 Μ
807 3345 839 3393 17
858 3340 952 3393 nostro
967 3350 1026 3393 1111
1077 3343 1149 3396 trac-

138 3415 233 3469 tentur
251 3431 285 3468 ec
302 3415 398 3469 -antur
416 3423 448 3465 M
517 3418 550 3469 21
571 3412 689 3483 stringet
708 3421 749 3478 M,
770 3428 837 3466 corr.
853 3432 884 3463 m
956 3417 988 3463 22
1009 3411 1149 3466 colludere

139 3495 207 3550 nec
221 3488 299 3556 (corr.
315 3487 335 3555 r)
391 3490 424 3538 23
444 3486 558 3541 catenas
580 3493 643 3538 vac:
665 3483 771 3541 catenis
789 3483 889 3551 reliqui
943 3487 976 3535 25
996 3482 1100 3539 adficet
1117 3494 1150 3550 P,

139 3574 206 3612 corr.
220 3579 241 3619 p
313 3562 347 3610 28
365 3556 529 3610 visceribus:
548 3554 702 3609 visionibus
722 3568 736 3619 β
