<?xml version="1.0" encoding="UTF-8"?>
<!DOCTYPE html PUBLIC "-//W3C//DTD XHTML 1.0 Transitional//EN"
    "http://www.w3.org/TR/xhtml1/DTD/xhtml1-transitional.dtd">
<html xmlns="http://www.w3.org/1999/xhtml" xml:lang="en" lang="en">
 <head>
  <title>
</title>
<meta http-equiv="Content-Type" content="text/html;charset=utf-8" />
  <meta name='ocr-system' content='tesseract 3.04.00' />
  <meta name='ocr-capabilities' content='ocr_page ocr_carea ocr_par ocr_line ocrx_word'/>
</head>
<body>
  <div class='ocr_page' id='page_1' title='image "./qvintilianiqvae00quingoog_0246.png"; bbox 0 0 2430 3952; ppageno 0'>
   <div class='ocr_carea' id='block_1_1' title="bbox 88 187 887 254">
    <p class='ocr_par' dir='ltr' id='par_1_1' title="bbox 88 187 887 254">
     <span class='ocr_line' id='line_1_1' title="bbox 88 187 887 254; baseline 0.001 -11"><span class='ocrx_word' id='word_1_1' title='bbox 88 188 153 254; x_wconf 81' lang='grc'>206</span> <span class='ocrx_word' id='word_1_2' title='bbox 303 188 410 244; x_wconf 72' lang='lat' dir='ltr'>Divus</span> <span class='ocrx_word' id='word_1_3' title='bbox 428 187 637 244; x_wconf 75' lang='lat' dir='ltr'>ACCVSATVS</span> <span class='ocrx_word' id='word_1_4' title='bbox 656 188 887 244; x_wconf 84' lang='lat' dir='ltr'><strong>PRODI&#39;I&#39;IONIS</strong></span> 
     </span>
    </p>
   </div>
   <div class='ocr_carea' id='block_1_2' title="bbox 87 357 1144 790">
    <p class='ocr_par' dir='ltr' id='par_1_2' title="bbox 87 357 1144 790">
     <span class='ocr_line' id='line_1_2' title="bbox 87 357 1103 435; baseline -0.001 -19"><span class='ocrx_word' id='word_1_5' title='bbox 87 357 202 435; x_wconf 83' lang='lat' dir='ltr'>pondus</span> <span class='ocrx_word' id='word_1_6' title='bbox 230 359 260 416; x_wconf 88' lang='lat' dir='ltr'>et</span> <span class='ocrx_word' id='word_1_7' title='bbox 288 357 450 416; x_wconf 85' lang='lat' dir='ltr'>terroribus</span> <span class='ocrx_word' id='word_1_8' title='bbox 480 358 617 417; x_wconf 77' lang='lat' dir='ltr'>omnibus</span> <span class='ocrx_word' id='word_1_9' title='bbox 644 358 735 418; x_wconf 86' lang='lat' dir='ltr'>verba</span> <span class='ocrx_word' id='word_1_10' title='bbox 764 359 903 435; x_wconf 80' lang='lat' dir='ltr'>graviora</span> <span class='ocrx_word' id='word_1_11' title='bbox 932 376 1020 434; x_wconf 84' lang='lat' dir='ltr'>mago</span> <span class='ocrx_word' id='word_1_12' title='bbox 1047 377 1103 434; x_wconf 85' lang='lat' dir='ltr'>pa-</span> 
     </span>
     <span class='ocr_line' id='line_1_3' title="bbox 87 440 1103 524; baseline 0 -18"><span class='ocrx_word' id='word_1_13' title='bbox 87 445 180 506; x_wconf 88' lang='lat' dir='ltr'>tiente</span> <span class='ocrx_word' id='word_1_14' title='bbox 204 445 388 523; x_wconf 83' lang='lat' dir='ltr'>diecueeeris,</span> <span class='ocrx_word' id='word_1_15' title='bbox 412 446 450 506; x_wconf 92' lang='lat' dir='ltr'>ad</span> <span class='ocrx_word' id='word_1_16' title='bbox 471 443 540 522; x_wconf 87' lang='lat' dir='ltr'>me&#39;,</span> <span class='ocrx_word' id='word_1_17' title='bbox 567 447 666 524; x_wconf 89' lang='lat' dir='ltr'>inquit</span> <span class='ocrx_word' id='word_1_18' title='bbox 688 449 784 506; x_wconf 86' lang='lat' dir='ltr'>mater</span> <span class='ocrx_word' id='word_1_19' title='bbox 806 446 922 520; x_wconf 82' lang='lat' dir='ltr'><strong>infelix,</strong></span> <span class='ocrx_word' id='word_1_20' title='bbox 945 440 996 505; x_wconf 71' lang='lat' dir='ltr'>‘ad</span> <span class='ocrx_word' id='word_1_21' title='bbox 1018 465 1103 506; x_wconf 84' lang='lat' dir='ltr'>meas</span> 
     </span>
     <span class='ocr_line' id='line_1_4' title="bbox 88 535 1103 611; baseline 0 -17"><span class='ocrx_word' id='word_1_22' title='bbox 88 538 201 610; x_wconf 82' lang='lat' dir='ltr'>noctae,</span> <span class='ocrx_word' id='word_1_23' title='bbox 230 535 268 593; x_wconf 92' lang='lat' dir='ltr'>ad</span> <span class='ocrx_word' id='word_1_24' title='bbox 294 537 362 594; x_wconf 84' lang='lat' dir='ltr'>tuas</span> <span class='ocrx_word' id='word_1_25' title='bbox 389 536 541 611; x_wconf 80' lang='lat' dir='ltr'>lacrimas,</span> <span class='ocrx_word' id='word_1_26' title='bbox 568 537 606 594; x_wconf 95' lang='lat' dir='ltr'>ad</span> <span class='ocrx_word' id='word_1_27' title='bbox 633 536 701 595; x_wconf 88' lang='lat' dir='ltr'>illos</span> <span class='ocrx_word' id='word_1_28' title='bbox 723 537 858 595; x_wconf 83' lang='lat' dir='ltr'>viventes</span> <span class='ocrx_word' id='word_1_29' title='bbox 883 535 959 593; x_wconf 90' lang='lat' dir='ltr'>mihi</span> <span class='ocrx_word' id='word_1_30' title='bbox 985 553 1103 611; x_wconf 91' lang='lat' dir='ltr'>semper</span> 
     </span>
     <span class='ocr_line' id='line_1_5' title="bbox 89 625 1102 701; baseline 0.002 -19"><span class='ocrx_word' id='word_1_31' title='bbox 89 625 249 700; x_wconf 80' lang='lat' dir='ltr'>amplexus,</span> <span class='ocrx_word' id='word_1_32' title='bbox 271 625 419 700; x_wconf 88' lang='lat' dir='ltr'>miserere,</span> <span class='ocrx_word' id='word_1_33' title='bbox 441 644 575 701; x_wconf 89' lang='lat' dir='ltr'>propera.</span> <span class='ocrx_word' id='word_1_34' title='bbox 613 625 674 683; x_wconf 92' lang='lat' dir='ltr'>scio</span> <span class='ocrx_word' id='word_1_35' title='bbox 693 625 765 701; x_wconf 90' lang='lat' dir='ltr'>quid</span> <span class='ocrx_word' id='word_1_36' title='bbox 782 625 857 683; x_wconf 89' lang='lat' dir='ltr'>mihi</span> <span class='ocrx_word' id='word_1_37' title='bbox 875 625 1018 698; x_wconf 86' lang='lat' dir='ltr'>nocuerit,</span> <span class='ocrx_word' id='word_1_38' title='bbox 1039 625 1102 684; x_wconf 85' lang='lat' dir='ltr'>scic</span> 
     </span>
     <span class='ocr_line' id='line_1_6' title="bbox 89 709 1144 790; baseline 0.003 -19"><span class='ocrx_word' id='word_1_39' title='bbox 89 713 161 788; x_wconf 90' lang='lat' dir='ltr'>quid</span> <span class='ocrx_word' id='word_1_40' title='bbox 182 732 230 772; x_wconf 92' lang='lat' dir='ltr'>me</span> <span class='ocrx_word' id='word_1_41' title='bbox 252 714 380 772; x_wconf 74' lang='lat' dir='ltr'>torserit.</span> <span class='ocrx_word' id='word_1_42' title='bbox 425 714 519 790; x_wconf 88' lang='lat' dir='ltr'>fruar,</span> <span class='ocrx_word' id='word_1_43' title='bbox 542 716 572 773; x_wconf 90' lang='lat' dir='ltr'>et</span> <span class='ocrx_word' id='word_1_44' title='bbox 594 709 718 773; x_wconf 69' lang='lat' dir='ltr'>accho?</span> <span class='ocrx_word' id='word_1_45' title='bbox 1130 732 1144 774; x_wconf 73' lang='grc' dir='ltr'><strong>ι</strong></span> 
     </span>
    </p>
   </div>
   <div class='ocr_carea' id='block_1_3' title="bbox 203 1013 984 1245">
    <p class='ocr_par' dir='ltr' id='par_1_3' title="bbox 203 1013 984 1245">
     <span class='ocr_line' id='line_1_7' title="bbox 565 1013 624 1087; baseline 0.051 -3"><span class='ocrx_word' id='word_1_46' title='bbox 565 1013 624 1087; x_wconf 85' lang='grc' dir='ltr'>ΧΙ.</span> 
     </span>
     <span class='ocr_line' id='line_1_8' title="bbox 203 1171 984 1245; baseline 0 -1"><span class='ocrx_word' id='word_1_47' title='bbox 203 1172 344 1245; x_wconf 82' lang='lat' dir='ltr'><strong>DIVES</strong></span> <span class='ocrx_word' id='word_1_48' title='bbox 373 1171 644 1245; x_wconf 78' lang='lat' dir='ltr'>ACCVSATVS</span> <span class='ocrx_word' id='word_1_49' title='bbox 671 1171 984 1245; x_wconf 82' lang='lat' dir='ltr'>PRODITIONIS.</span> 
     </span>
    </p>
   </div>
   <div class='ocr_carea' id='block_1_4' title="bbox 88 1369 1146 1982">
    <p class='ocr_par' dir='ltr' id='par_1_4' title="bbox 88 1369 1146 1982">
     <span class='ocr_line' id='line_1_9' title="bbox 88 1369 1102 1448; baseline -0.002 -18"><span class='ocrx_word' id='word_1_50' title='bbox 88 1370 206 1448; x_wconf 82' lang='lat' dir='ltr'>Pauper</span> <span class='ocrx_word' id='word_1_51' title='bbox 229 1373 259 1430; x_wconf 93' lang='lat' dir='ltr'>et</span> <span class='ocrx_word' id='word_1_52' title='bbox 281 1371 362 1429; x_wconf 83' lang='lat' dir='ltr'>dives</span> <span class='ocrx_word' id='word_1_53' title='bbox 386 1371 506 1429; x_wconf 90' lang='lat' dir='ltr'>inimici.</span> <span class='ocrx_word' id='word_1_54' title='bbox 543 1371 664 1447; x_wconf 88' lang='lat' dir='ltr'>utrique</span> <span class='ocrx_word' id='word_1_55' title='bbox 685 1371 764 1429; x_wconf 89' lang='lat' dir='ltr'>terni</span> <span class='ocrx_word' id='word_1_56' title='bbox 786 1370 881 1429; x_wconf 89' lang='lat' dir='ltr'>liberi.</span> <span class='ocrx_word' id='word_1_57' title='bbox 920 1369 1032 1428; x_wconf 90' lang='lat' dir='ltr'>bellum</span> <span class='ocrx_word' id='word_1_58' title='bbox 1054 1372 1102 1428; x_wconf 94' lang='lat' dir='ltr'>in-</span> 
     </span>
     <span class='ocr_line' id='line_1_10' title="bbox 132 1459 1101 1535; baseline -0.002 -15"><span class='ocrx_word' id='word_1_59' title='bbox 132 1460 206 1520; x_wconf 87' lang='lat' dir='ltr'>cidit</span> <span class='ocrx_word' id='word_1_60' title='bbox 228 1459 352 1520; x_wconf 87' lang='lat' dir='ltr'>civitati.</span> <span class='ocrx_word' id='word_1_61' title='bbox 388 1460 470 1518; x_wconf 85' lang='lat' dir='ltr'>dives</span> <span class='ocrx_word' id='word_1_62' title='bbox 488 1459 548 1517; x_wconf 84' lang='lat' dir='ltr'>dux</span> <span class='ocrx_word' id='word_1_63' title='bbox 566 1462 683 1519; x_wconf 86' lang='lat' dir='ltr'>creatus</span> <span class='ocrx_word' id='word_1_64' title='bbox 706 1459 855 1535; x_wconf 82' lang='lat' dir='ltr'>profectus</span> <span class='ocrx_word' id='word_1_65' title='bbox 875 1462 920 1518; x_wconf 90' lang='lat' dir='ltr'>est</span> <span class='ocrx_word' id='word_1_66' title='bbox 941 1460 973 1517; x_wconf 91' lang='lat' dir='ltr'>in</span> <span class='ocrx_word' id='word_1_67' title='bbox 992 1461 1101 1518; x_wconf 91' lang='lat' dir='ltr'>castra.</span> 
     </span>
     <span class='ocr_line' id='line_1_11' title="bbox 132 1548 1146 1625; baseline 0 -17"><span class='ocrx_word' id='word_1_68' title='bbox 132 1569 233 1609; x_wconf 91' lang='lat' dir='ltr'>rumor</span> <span class='ocrx_word' id='word_1_69' title='bbox 260 1552 342 1609; x_wconf 87' lang='lat' dir='ltr'>ortus</span> <span class='ocrx_word' id='word_1_70' title='bbox 369 1551 414 1608; x_wconf 86' lang='lat' dir='ltr'>est</span> <span class='ocrx_word' id='word_1_71' title='bbox 441 1549 479 1608; x_wconf 91' lang='lat' dir='ltr'>ab</span> <span class='ocrx_word' id='word_1_72' title='bbox 507 1568 541 1608; x_wconf 94' lang='lat' dir='ltr'>eo</span> <span class='ocrx_word' id='word_1_73' title='bbox 570 1548 657 1624; x_wconf 91' lang='lat' dir='ltr'>prodi</span> <span class='ocrx_word' id='word_1_74' title='bbox 687 1548 908 1625; x_wconf 82' lang='lat' dir='ltr'>rempublicam.</span> <span class='ocrx_word' id='word_1_75' title='bbox 955 1550 1103 1623; x_wconf 86' lang='lat' dir='ltr'>prooessit</span> <span class='ocrx_word' id='word_1_76' title='bbox 1117 1568 1146 1608; x_wconf 85' lang='lat' dir='ltr'>ro</span> 
     </span>
     <span class='ocr_line' id='line_1_12' title="bbox 133 1636 1101 1717; baseline -0.002 -20"><span class='ocrx_word' id='word_1_77' title='bbox 133 1658 246 1717; x_wconf 86' lang='lat' dir='ltr'>pauper</span> <span class='ocrx_word' id='word_1_78' title='bbox 272 1639 304 1697; x_wconf 92' lang='lat' dir='ltr'>in</span> <span class='ocrx_word' id='word_1_79' title='bbox 331 1641 498 1698; x_wconf 86' lang='lat' dir='ltr'>contionem</span> <span class='ocrx_word' id='word_1_80' title='bbox 526 1640 556 1697; x_wconf 87' lang='lat' dir='ltr'>et</span> <span class='ocrx_word' id='word_1_81' title='bbox 583 1639 734 1697; x_wconf 84' lang='lat' dir='ltr'>accusavit</span> <span class='ocrx_word' id='word_1_82' title='bbox 760 1637 885 1696; x_wconf 85' lang='lat' dir='ltr'>divitem</span> <span class='ocrx_word' id='word_1_83' title='bbox 913 1636 1101 1713; x_wconf 83' lang='lat' dir='ltr'>proditionis.</span> 
     </span>
     <span class='ocr_line' id='line_1_13' title="bbox 133 1724 1103 1804; baseline -0.002 -17"><span class='ocrx_word' id='word_1_84' title='bbox 133 1729 254 1787; x_wconf 85' lang='lat' dir='ltr'>absente</span> <span class='ocrx_word' id='word_1_85' title='bbox 278 1747 312 1786; x_wconf 92' lang='lat' dir='ltr'>eo</span> <span class='ocrx_word' id='word_1_86' title='bbox 339 1728 466 1804; x_wconf 88' lang='lat' dir='ltr'>populus</span> <span class='ocrx_word' id='word_1_87' title='bbox 493 1727 641 1802; x_wconf 87' lang='lat' dir='ltr'>lapidibus</span> <span class='ocrx_word' id='word_1_88' title='bbox 668 1726 777 1784; x_wconf 87' lang='lat' dir='ltr'>liberos</span> <span class='ocrx_word' id='word_1_89' title='bbox 803 1729 865 1785; x_wconf 85' lang='lat' dir='ltr'>eius</span> <span class='ocrx_word' id='word_1_90' title='bbox 894 1724 1008 1785; x_wconf 88' lang='lat' dir='ltr'>occidit.</span> <span class='ocrx_word' id='word_1_91' title='bbox 1054 1745 1103 1785; x_wconf 91' lang='lat' dir='ltr'>re·</span> 
     </span>
     <span class='ocr_line' id='line_1_14' title="bbox 132 1814 1102 1891; baseline -0.006 -14"><span class='ocrx_word' id='word_1_92' title='bbox 132 1836 234 1877; x_wconf 83' lang='lat' dir='ltr'>versus</span> <span class='ocrx_word' id='word_1_93' title='bbox 262 1817 344 1876; x_wconf 82' lang='lat' dir='ltr'>dives</span> <span class='ocrx_word' id='word_1_94' title='bbox 375 1819 421 1876; x_wconf 90' lang='lat' dir='ltr'>est</span> <span class='ocrx_word' id='word_1_95' title='bbox 447 1817 543 1875; x_wconf 85' lang='lat' dir='ltr'>vietor</span> <span class='ocrx_word' id='word_1_96' title='bbox 574 1834 592 1874; x_wconf 91' lang='lat' dir='ltr'>a</span> <span class='ocrx_word' id='word_1_97' title='bbox 618 1815 705 1874; x_wconf 88' lang='lat' dir='ltr'>bello.</span> <span class='ocrx_word' id='word_1_98' title='bbox 751 1817 829 1891; x_wconf 88' lang='lat' dir='ltr'>petit</span> <span class='ocrx_word' id='word_1_99' title='bbox 855 1814 895 1873; x_wconf 88' lang='lat' dir='ltr'>ad</span> <span class='ocrx_word' id='word_1_100' title='bbox 921 1814 1102 1890; x_wconf 90' lang='lat' dir='ltr'>supplicium</span> 
     </span>
     <span class='ocr_line' id='line_1_15' title="bbox 132 1903 1103 1982; baseline -0.001 -18"><span class='ocrx_word' id='word_1_101' title='bbox 132 1905 209 1965; x_wconf 88' lang='lat' dir='ltr'>filios</span> <span class='ocrx_word' id='word_1_102' title='bbox 232 1907 380 1982; x_wconf 86' lang='lat' dir='ltr'>pauperis.</span> <span class='ocrx_word' id='word_1_103' title='bbox 413 1908 499 1982; x_wconf 89' lang='lat' dir='ltr'>pater</span> <span class='ocrx_word' id='word_1_104' title='bbox 518 1923 548 1964; x_wconf 91' lang='lat' dir='ltr'>se</span> <span class='ocrx_word' id='word_1_105' title='bbox 568 1904 662 1963; x_wconf 85' lang='lat' dir='ltr'>offert.</span> <span class='ocrx_word' id='word_1_106' title='bbox 695 1904 871 1963; x_wconf 79' lang='lat' dir='ltr'>contradicit</span> <span class='ocrx_word' id='word_1_107' title='bbox 891 1903 981 1962; x_wconf 83' lang='lat' dir='ltr'>dives.</span> <span class='ocrx_word' id='word_1_108' title='bbox 1014 1906 1103 1963; x_wconf 93' lang='lat' dir='ltr'>erant</span> 
     </span>
    </p>
   </div>
   <div class='ocr_carea' id='block_1_5' title="bbox 132 1991 1143 2159">
    <p class='ocr_par' dir='ltr' id='par_1_5' title="bbox 132 1991 1143 2159">
     <span class='ocr_line' id='line_1_16' title="bbox 133 1991 1143 2072; baseline 0.001 -19"><span class='ocrx_word' id='word_1_109' title='bbox 133 1996 212 2053; x_wconf 90' lang='lat' dir='ltr'>enim</span> <span class='ocrx_word' id='word_1_110' title='bbox 233 1995 322 2072; x_wconf 71' lang='lat' dir='ltr'>legea</span> <span class='ocrx_word' id='word_1_111' title='bbox 345 1998 379 2053; x_wconf 83' lang='lat' dir='ltr'>ut</span> <span class='ocrx_word' id='word_1_112' title='bbox 396 1994 531 2070; x_wconf 90' lang='lat' dir='ltr'>proditor</span> <span class='ocrx_word' id='word_1_113' title='bbox 549 1996 644 2052; x_wconf 89' lang='lat' dir='ltr'>morte</span> <span class='ocrx_word' id='word_1_114' title='bbox 667 1994 830 2069; x_wconf 87' lang='lat' dir='ltr'>puniretur,</span> <span class='ocrx_word' id='word_1_115' title='bbox 854 1995 885 2052; x_wconf 92' lang='lat' dir='ltr'>et</span> <span class='ocrx_word' id='word_1_116' title='bbox 903 1991 1143 2054; x_wconf 71' lang='lat' dir='ltr'>calumniatoris</span> 
     </span>
     <span class='ocr_line' id='line_1_17' title="bbox 132 2082 917 2159; baseline -0.001 -19"><span class='ocrx_word' id='word_1_117' title='bbox 132 2082 210 2142; x_wconf 90' lang='lat' dir='ltr'>idem</span> <span class='ocrx_word' id='word_1_118' title='bbox 233 2087 386 2159; x_wconf 86' lang='lat' dir='ltr'>pateretur</span> <span class='ocrx_word' id='word_1_119' title='bbox 409 2084 488 2159; x_wconf 90' lang='lat' dir='ltr'>quod</span> <span class='ocrx_word' id='word_1_120' title='bbox 509 2102 587 2157; x_wconf 75' lang='lat' dir='ltr'>reue,</span> <span class='ocrx_word' id='word_1_121' title='bbox 611 2083 636 2140; x_wconf 87' lang='lat' dir='ltr'>si</span> <span class='ocrx_word' id='word_1_122' title='bbox 660 2082 810 2141; x_wconf 86' lang='lat' dir='ltr'>convictus</span> <span class='ocrx_word' id='word_1_123' title='bbox 834 2083 917 2140; x_wconf 89' lang='lat' dir='ltr'>esset.</span> 
     </span>
    </p>
   </div>
   <div class='ocr_carea' id='block_1_6' title="bbox 161 2271 548 2336">
    <p class='ocr_par' dir='ltr' id='par_1_6' title="bbox 161 2271 548 2336">
     <span class='ocr_line' id='line_1_18' title="bbox 161 2271 548 2336; baseline 0.005 -14"><span class='ocrx_word' id='word_1_124' title='bbox 161 2275 176 2322; x_wconf 81' lang='lat'><strong>2</strong></span> <span class='ocrx_word' id='word_1_125' title='bbox 195 2271 226 2322; x_wconf 90' lang='lat' dir='ltr'>at</span> <span class='ocrx_word' id='word_1_126' title='bbox 243 2271 306 2323; x_wconf 84' lang='lat' dir='ltr'>tuae</span> <span class='ocrx_word' id='word_1_127' title='bbox 324 2280 363 2336; x_wconf 74' lang='lat'>133</span> <span class='ocrx_word' id='word_1_128' title='bbox 382 2271 419 2323; x_wconf 91' lang='lat' dir='ltr'>ad</span> <span class='ocrx_word' id='word_1_129' title='bbox 437 2285 514 2324; x_wconf 85' lang='lat' dir='ltr'>meas</span> <span class='ocrx_word' id='word_1_130' title='bbox 533 2283 548 2334; x_wconf 75' lang='lat' dir='ltr'>a</span> 
     </span>
    </p>
   </div>
   <div class='ocr_carea' id='block_1_7' title="bbox 88 2328 1102 2570">
    <p class='ocr_par' dir='ltr' id='par_1_7' title="bbox 88 2328 1102 2570">
     <span class='ocr_line' id='line_1_19' title="bbox 160 2328 1102 2416; baseline -0.003 -5"><span class='ocrx_word' id='word_1_131' title='bbox 160 2343 481 2413; x_wconf 68' lang='lat' dir='ltr'>S.1.E1N01131)1VES</span> <span class='ocrx_word' id='word_1_132' title='bbox 499 2341 904 2413; x_wconf 71' lang='lat' dir='ltr'>locvsaieoiuiouisn</span> <span class='ocrx_word' id='word_1_133' title='bbox 955 2328 1003 2416; x_wconf 63' lang='lat' dir='ltr'>ila</span> <span class='ocrx_word' id='word_1_134' title='bbox 1016 2356 1102 2409; x_wconf 82' lang='lat' dir='ltr'>mm</span> 
     </span>
     <span class='ocr_line' id='line_1_20' title="bbox 90 2413 1102 2497; baseline 0 -15"><span class='ocrx_word' id='word_1_135' title='bbox 90 2427 315 2494; x_wconf 75' lang='lat' dir='ltr'>cumanum</span> <span class='ocrx_word' id='word_1_136' title='bbox 335 2429 550 2485; x_wconf 79' lang='lat' dir='ltr'>suevncuvu</span> <span class='ocrx_word' id='word_1_137' title='bbox 567 2428 810 2483; x_wconf 79' lang='lat' dir='ltr'>monuunuvu</span> <span class='ocrx_word' id='word_1_138' title='bbox 830 2413 1002 2482; x_wconf 74' lang='lat' dir='ltr'>ammom</span> <span class='ocrx_word' id='word_1_139' title='bbox 1013 2429 1102 2497; x_wconf 73' lang='lat' dir='ltr'>&lt;atre-</span> 
     </span>
     <span class='ocr_line' id='line_1_21' title="bbox 88 2499 1068 2570; baseline -0.003 -15"><span class='ocrx_word' id='word_1_140' title='bbox 88 2502 185 2570; x_wconf 69' lang='lat' dir='ltr'>muo)</span> <span class='ocrx_word' id='word_1_141' title='bbox 199 2499 331 2554; x_wconf 73' lang='lat' dir='ltr'>mcum</span> <span class='ocrx_word' id='word_1_142' title='bbox 345 2500 452 2555; x_wconf 76' lang='lat' dir='ltr'>uivus</span> <span class='ocrx_word' id='word_1_143' title='bbox 466 2499 674 2555; x_wconf 78' lang='lat' dir='ltr'>Aocveuuvs</span> <span class='ocrx_word' id='word_1_144' title='bbox 688 2499 919 2553; x_wconf 73' lang='lat' dir='ltr'>cucumores</span> <span class='ocrx_word' id='word_1_145' title='bbox 930 2501 1034 2569; x_wconf 70' lang='lat' dir='ltr'>(miae)</span> <span class='ocrx_word' id='word_1_146' title='bbox 1047 2509 1068 2552; x_wconf 77' lang='lat' dir='ltr'>v</span> 
     </span>
    </p>
   </div>
   <div class='ocr_carea' id='block_1_8' title="bbox 88 2572 1103 3347">
    <p class='ocr_par' dir='ltr' id='par_1_8' title="bbox 88 2572 1101 3208">
     <span class='ocr_line' id='line_1_22' title="bbox 89 2572 1100 2675; baseline 0 -34"><span class='ocrx_word' id='word_1_147' title='bbox 89 2588 115 2642; x_wconf 83' lang='lat' dir='ltr'>a.</span> <span class='ocrx_word' id='word_1_148' title='bbox 130 2588 150 2642; x_wconf 93' lang='lat'>1.</span> <span class='ocrx_word' id='word_1_149' title='bbox 165 2605 180 2642; x_wconf 75' lang='lat' dir='ltr'>e</span> <span class='ocrx_word' id='word_1_150' title='bbox 195 2591 366 2675; x_wconf 57' lang='lat' dir='ltr'>(coemento)</span> <span class='ocrx_word' id='word_1_151' title='bbox 382 2575 510 2643; x_wconf 72' lang='lat' dir='ltr'>aarum</span> <span class='ocrx_word' id='word_1_152' title='bbox 525 2574 711 2643; x_wconf 73' lang='lat' dir='ltr'>SEPVLORV</span> <span class='ocrx_word' id='word_1_153' title='bbox 729 2572 914 2642; x_wconf 68' lang='lat' dir='ltr'>iniuriat</span> <span class='ocrx_word' id='word_1_154' title='bbox 927 2573 1023 2642; x_wconf 73' lang='lat' dir='ltr'>mori</span> <span class='ocrx_word' id='word_1_155' title='bbox 1036 2589 1100 2642; x_wconf 79' lang='lat' dir='ltr'>Aa.</span> 
     </span>
     <span class='ocr_line' id='line_1_23' title="bbox 89 2675 1098 2761; baseline 0 -30"><span class='ocrx_word' id='word_1_156' title='bbox 89 2675 269 2732; x_wconf 81' lang='lat' dir='ltr'>GVMENTV</span> <span class='ocrx_word' id='word_1_157' title='bbox 283 2679 388 2749; x_wconf 75' lang='lat' dir='ltr'>(micio)</span> <span class='ocrx_word' id='word_1_158' title='bbox 403 2687 435 2731; x_wconf 76' lang='grc' dir='ltr'><em>Μ</em></span> <span class='ocrx_word' id='word_1_159' title='bbox 486 2678 623 2732; x_wconf 83' lang='lat' dir='ltr'>Feliciter.</span> <span class='ocrx_word' id='word_1_160' title='bbox 644 2677 798 2747; x_wconf 69' lang='lat' dir='ltr'>Sepulchri]</span> <span class='ocrx_word' id='word_1_161' title='bbox 814 2677 960 2761; x_wconf 73' lang='lat' dir='ltr'>incantatfi</span> <span class='ocrx_word' id='word_1_162' title='bbox 975 2675 1098 2745; x_wconf 85' lang='lat' dir='ltr'>explicit.</span> 
     </span>
     <span class='ocr_line' id='line_1_24' title="bbox 88 2764 1100 2837; baseline 0 -18"><span class='ocrx_word' id='word_1_163' title='bbox 88 2764 158 2836; x_wconf 70' lang='lat' dir='ltr'>Iiegi</span> <span class='ocrx_word' id='word_1_164' title='bbox 181 2768 210 2820; x_wconf 91' lang='lat' dir='ltr'>et</span> <span class='ocrx_word' id='word_1_165' title='bbox 235 2767 380 2821; x_wconf 85' lang='lat' dir='ltr'>emendavi</span> <span class='ocrx_word' id='word_1_166' title='bbox 405 2783 457 2837; x_wconf 81' lang='lat' dir='ltr'>ego</span> <span class='ocrx_word' id='word_1_167' title='bbox 486 2767 647 2822; x_wconf 79' lang='lat' dir='ltr'>dracontius</span> <span class='ocrx_word' id='word_1_168' title='bbox 674 2772 707 2820; x_wconf 78' lang='lat' dir='ltr'>cii</span> <span class='ocrx_word' id='word_1_169' title='bbox 732 2766 819 2819; x_wconf 88' lang='lat' dir='ltr'>fratre</span> <span class='ocrx_word' id='word_1_170' title='bbox 843 2765 911 2819; x_wconf 88' lang='lat' dir='ltr'>Krio</span> <span class='ocrx_word' id='word_1_171' title='bbox 935 2764 1100 2836; x_wconf 85' lang='lat' dir='ltr'>icompabili</span> 
     </span>
     <span class='ocr_line' id='line_1_25' title="bbox 89 2836 1098 2905; baseline 0 -15"><span class='ocrx_word' id='word_1_172' title='bbox 89 2837 179 2891; x_wconf 83' lang='lat' dir='ltr'>arrico</span> <span class='ocrx_word' id='word_1_173' title='bbox 197 2837 275 2890; x_wconf 83' lang='lat' dir='ltr'>urbia</span> <span class='ocrx_word' id='word_1_174' title='bbox 288 2854 364 2892; x_wconf 92' lang='lat' dir='ltr'>rome</span> <span class='ocrx_word' id='word_1_175' title='bbox 382 2837 413 2892; x_wconf 92' lang='lat' dir='ltr'>in</span> <span class='ocrx_word' id='word_1_176' title='bbox 432 2837 508 2892; x_wconf 86' lang='lat' dir='ltr'>scola</span> <span class='ocrx_word' id='word_1_177' title='bbox 525 2836 580 2893; x_wconf 87' lang='lat' dir='ltr'>fori</span> <span class='ocrx_word' id='word_1_178' title='bbox 598 2837 711 2892; x_wconf 82' lang='lat' dir='ltr'>traiani.</span> <span class='ocrx_word' id='word_1_179' title='bbox 735 2837 862 2891; x_wconf 87' lang='lat' dir='ltr'>feliciter.</span> <span class='ocrx_word' id='word_1_180' title='bbox 883 2837 988 2905; x_wconf 74' lang='lat' dir='ltr'>(minio)</span> <span class='ocrx_word' id='word_1_181' title='bbox 1003 2846 1040 2903; x_wconf 79' lang='lat'>1²3</span> <span class='ocrx_word' id='word_1_182' title='bbox 1064 2838 1098 2902; x_wconf 84' lang='lat' dir='ltr'>cf.</span> 
     </span>
     <span class='ocr_line' id='line_1_26' title="bbox 89 2905 1101 2992; baseline -0.005 -28"><span class='ocrx_word' id='word_1_183' title='bbox 89 2909 189 2974; x_wconf 72' lang='lat' dir='ltr'>Rider,</span> <span class='ocrx_word' id='word_1_184' title='bbox 207 2909 251 2962; x_wconf 79' lang='lat' dir='ltr'>die</span> <span class='ocrx_word' id='word_1_185' title='bbox 269 2910 510 2992; x_wconf 61' lang='lat' dir='ltr'>quintiliueiaclcca</span> <span class='ocrx_word' id='word_1_186' title='bbox 528 2911 762 2974; x_wconf 75' lang='lat' dir='ltr'>Declamatioeeo,</span> <span class='ocrx_word' id='word_1_187' title='bbox 777 2925 807 2977; x_wconf 83' lang='lat' dir='ltr'>p.</span> <span class='ocrx_word' id='word_1_188' title='bbox 822 2912 878 2962; x_wconf 83' lang='lat'>205</span> <span class='ocrx_word' id='word_1_189' title='bbox 950 2905 1101 2976; x_wconf 83' lang='lat' dir='ltr'>SepulchIn</span> 
     </span>
     <span class='ocr_line' id='line_1_27' title="bbox 88 2993 1100 3067; baseline -0.001 -17"><span class='ocrx_word' id='word_1_190' title='bbox 88 2994 217 3050; x_wconf 77' lang='lat' dir='ltr'>incatatii</span> <span class='ocrx_word' id='word_1_191' title='bbox 240 2996 355 3066; x_wconf 82' lang='lat' dir='ltr'>explicit</span> <span class='ocrx_word' id='word_1_192' title='bbox 377 2997 467 3051; x_wconf 88' lang='lat' dir='ltr'>felicit</span> <span class='ocrx_word' id='word_1_193' title='bbox 488 2997 547 3067; x_wconf 79' lang='lat' dir='ltr'>legi</span> <span class='ocrx_word' id='word_1_194' title='bbox 565 2999 594 3052; x_wconf 91' lang='lat' dir='ltr'>et</span> <span class='ocrx_word' id='word_1_195' title='bbox 617 2996 743 3052; x_wconf 79' lang='lat' dir='ltr'>emedavi</span> <span class='ocrx_word' id='word_1_196' title='bbox 765 3011 816 3064; x_wconf 79' lang='lat' dir='ltr'>ego</span> <span class='ocrx_word' id='word_1_197' title='bbox 837 2993 981 3048; x_wconf 82' lang='lat' dir='ltr'>draeoeius</span> <span class='ocrx_word' id='word_1_198' title='bbox 1004 3000 1038 3049; x_wconf 75' lang='lat' dir='ltr'>cd</span> <span class='ocrx_word' id='word_1_199' title='bbox 1056 2995 1100 3049; x_wconf 57' lang='lat' dir='ltr'>fre</span> 
     </span>
     <span class='ocr_line' id='line_1_28' title="bbox 88 3064 1098 3138; baseline 0 -18"><span class='ocrx_word' id='word_1_200' title='bbox 88 3065 158 3122; x_wconf 87' lang='lat' dir='ltr'>ierio</span> <span class='ocrx_word' id='word_1_201' title='bbox 181 3066 333 3138; x_wconf 77' lang='lat' dir='ltr'>incopatli</span> <span class='ocrx_word' id='word_1_202' title='bbox 356 3069 445 3123; x_wconf 90' lang='lat' dir='ltr'>arrico</span> <span class='ocrx_word' id='word_1_203' title='bbox 463 3069 541 3123; x_wconf 84' lang='lat' dir='ltr'>urbia</span> <span class='ocrx_word' id='word_1_204' title='bbox 559 3085 637 3123; x_wconf 86' lang='lat' dir='ltr'>rome</span> <span class='ocrx_word' id='word_1_205' title='bbox 659 3069 689 3121; x_wconf 93' lang='lat' dir='ltr'>in</span> <span class='ocrx_word' id='word_1_206' title='bbox 708 3065 783 3121; x_wconf 81' lang='lat' dir='ltr'>scola</span> <span class='ocrx_word' id='word_1_207' title='bbox 801 3064 856 3117; x_wconf 81' lang='lat' dir='ltr'>fori</span> <span class='ocrx_word' id='word_1_208' title='bbox 874 3066 977 3119; x_wconf 84' lang='lat' dir='ltr'>traiani</span> <span class='ocrx_word' id='word_1_209' title='bbox 996 3065 1098 3120; x_wconf 86' lang='lat' dir='ltr'>felicit&#39;</span> 
     </span>
     <span class='ocr_line' id='line_1_29' title="bbox 88 3136 1064 3208; baseline -0.001 -16"><span class='ocrx_word' id='word_1_210' title='bbox 88 3146 109 3192; x_wconf 76' lang='lat' dir='ltr'>s</span> <span class='ocrx_word' id='word_1_211' title='bbox 180 3140 403 3208; x_wconf 70' lang='lat' dir='ltr'>redemptionem</span> <span class='ocrx_word' id='word_1_212' title='bbox 422 3141 523 3196; x_wconf 82' lang='lat' dir='ltr'>codicia</span> <span class='ocrx_word' id='word_1_213' title='bbox 540 3139 742 3195; x_wconf 75' lang='lat' dir='ltr'>Britannici</span> <span class='ocrx_word' id='word_1_214' title='bbox 759 3153 782 3189; x_wconf 84' lang='lat' dir='ltr'>o.</span> <span class='ocrx_word' id='word_1_215' title='bbox 798 3136 875 3202; x_wconf 77' lang='lat' dir='ltr'>apud</span> <span class='ocrx_word' id='word_1_216' title='bbox 893 3137 970 3192; x_wconf 83' lang='lat' dir='ltr'>Desa.</span> <span class='ocrx_word' id='word_1_217' title='bbox 982 3154 1011 3204; x_wconf 85' lang='lat' dir='ltr'>p.</span> <span class='ocrx_word' id='word_1_218' title='bbox 1026 3142 1064 3191; x_wconf 77' lang='lat'>23</span> 
     </span>
    </p>

    <p class='ocr_par' dir='ltr' id='par_1_9' title="bbox 88 3204 1103 3347">
     <span class='ocr_line' id='line_1_30' title="bbox 161 3204 1103 3280; baseline 0.002 -20"><span class='ocrx_word' id='word_1_219' title='bbox 161 3212 177 3261; x_wconf 91' lang='lat'>8</span> <span class='ocrx_word' id='word_1_220' title='bbox 200 3224 319 3278; x_wconf 87' lang='lat' dir='ltr'>pauper:</span> <span class='ocrx_word' id='word_1_221' title='bbox 343 3229 362 3279; x_wconf 93' lang='lat' dir='ltr'>p</span> <span class='ocrx_word' id='word_1_222' title='bbox 381 3213 464 3280; x_wconf 75' lang='lat' dir='ltr'>price</span> <span class='ocrx_word' id='word_1_223' title='bbox 482 3213 553 3266; x_wconf 75' lang='lat' dir='ltr'>deest</span> <span class='ocrx_word' id='word_1_224' title='bbox 570 3213 602 3266; x_wconf 79' lang='lat' dir='ltr'>ia</span> <span class='ocrx_word' id='word_1_225' title='bbox 622 3211 724 3265; x_wconf 76' lang='lat' dir='ltr'>zaewea</span> <span class='ocrx_word' id='word_1_226' title='bbox 740 3215 768 3258; x_wconf 83' lang='lat' dir='ltr'><em>B</em></span> <span class='ocrx_word' id='word_1_227' title='bbox 855 3204 948 3259; x_wconf 83' lang='lat' dir='ltr'>liberi:</span> <span class='ocrx_word' id='word_1_228' title='bbox 973 3206 1024 3260; x_wconf 88' lang='lat' dir='ltr'>filii</span> <span class='ocrx_word' id='word_1_229' title='bbox 1041 3218 1103 3262; x_wconf 75' lang='grc' dir='ltr'>ΒΜ</span> 
     </span>
     <span class='ocr_line' id='line_1_31' title="bbox 88 3275 1029 3347; baseline -0.004 -14"><span class='ocrx_word' id='word_1_230' title='bbox 88 3284 105 3333; x_wconf 83' lang='lat'>9</span> <span class='ocrx_word' id='word_1_231' title='bbox 125 3278 240 3334; x_wconf 80' lang='lat' dir='ltr'>civitate</span> <span class='ocrx_word' id='word_1_232' title='bbox 258 3290 292 3347; x_wconf 79' lang='grc' dir='ltr'>Β,</span> <span class='ocrx_word' id='word_1_233' title='bbox 311 3281 382 3334; x_wconf 76' lang='lat' dir='ltr'>tio</span> <span class='ocrx_word' id='word_1_234' title='bbox 462 3285 505 3336; x_wconf 86' lang='lat' dir='ltr'>est</span> <span class='ocrx_word' id='word_1_235' title='bbox 523 3301 572 3338; x_wconf 85' lang='lat' dir='ltr'>om.</span> <span class='ocrx_word' id='word_1_236' title='bbox 592 3292 614 3335; x_wconf 75' lang='lat' dir='ltr'><strong><em>V</em></strong></span> <span class='ocrx_word' id='word_1_237' title='bbox 696 3282 726 3331; x_wconf 92' lang='lat'>11</span> <span class='ocrx_word' id='word_1_238' title='bbox 747 3275 953 3329; x_wconf 80' lang='lat' dir='ltr'>contentionem</span> <span class='ocrx_word' id='word_1_239' title='bbox 971 3287 1029 3331; x_wconf 79' lang='lat' dir='ltr'>Bur</span> 
     </span>
    </p>
   </div>
   <div class='ocr_carea' id='block_1_9' title="bbox 89 3355 1101 3429">
    <p class='ocr_par' dir='ltr' id='par_1_10' title="bbox 89 3355 1101 3429">
     <span class='ocr_line' id='line_1_32' title="bbox 89 3355 1101 3429; baseline -0.001 -5"><span class='ocrx_word' id='word_1_240' title='bbox 89 3374 123 3424; x_wconf 84' lang='lat' dir='ltr'>rc</span> <span class='ocrx_word' id='word_1_241' title='bbox 142 3367 232 3424; x_wconf 68' lang='lat' dir='ltr'>naeus</span> <span class='ocrx_word' id='word_1_242' title='bbox 250 3379 278 3422; x_wconf 81' lang='lat' dir='ltr'>n</span> <span class='ocrx_word' id='word_1_243' title='bbox 329 3369 401 3422; x_wconf 76' lang='lat' dir='ltr'>uxr</span> <span class='ocrx_word' id='word_1_244' title='bbox 416 3355 499 3425; x_wconf 71' lang='lat' dir='ltr'>Aac.</span> <span class='ocrx_word' id='word_1_245' title='bbox 515 3370 648 3425; x_wconf 75' lang='lat' dir='ltr'>mouri</span> <span class='ocrx_word' id='word_1_246' title='bbox 666 3361 773 3422; x_wconf 67' lang='lat' dir='ltr'>uivus</span> <span class='ocrx_word' id='word_1_247' title='bbox 787 3360 995 3429; x_wconf 75' lang='lat' dir='ltr'>uoovenuva</span> <span class='ocrx_word' id='word_1_248' title='bbox 1013 3365 1101 3423; x_wconf 81' lang='lat' dir='ltr'>Pao-</span> 
     </span>
    </p>
   </div>
   <div class='ocr_carea' id='block_1_10' title="bbox 86 3458 1100 3637">
    <p class='ocr_par' dir='ltr' id='par_1_11' title="bbox 86 3458 1100 3637">
     <span class='ocr_line' id='line_1_33' title="bbox 86 3458 1100 3565; baseline 0 -17"><span class='ocrx_word' id='word_1_249' title='bbox 86 3492 247 3548; x_wconf 81' lang='lat' dir='ltr'>ouuorus</span> <span class='ocrx_word' id='word_1_250' title='bbox 266 3495 297 3547; x_wconf 73' lang='lat' dir='ltr'>a</span> <span class='ocrx_word' id='word_1_251' title='bbox 311 3495 435 3565; x_wconf 58' lang='lat' dir='ltr'>marpeni</span> <span class='ocrx_word' id='word_1_252' title='bbox 454 3458 603 3549; x_wconf 69' lang='lat' dir='ltr'>causandi</span> <span class='ocrx_word' id='word_1_253' title='bbox 619 3489 721 3562; x_wconf 73' lang='lat' dir='ltr'>(omne</span> <span class='ocrx_word' id='word_1_254' title='bbox 734 3486 821 3540; x_wconf 71' lang='lat' dir='ltr'>manu</span> <span class='ocrx_word' id='word_1_255' title='bbox 834 3486 922 3556; x_wconf 61' lang='lat' dir='ltr'>pera)</span> <span class='ocrx_word' id='word_1_256' title='bbox 937 3496 969 3540; x_wconf 76' lang='lat' dir='ltr'>n</span> <span class='ocrx_word' id='word_1_257' title='bbox 1021 3490 1100 3547; x_wconf 82' lang='lat' dir='ltr'>dives</span> 
     </span>
     <span class='ocr_line' id='line_1_34' title="bbox 88 3565 533 3637; baseline 0.004 -18"><span class='ocrx_word' id='word_1_258' title='bbox 88 3565 151 3637; x_wconf 78' lang='lat' dir='ltr'>agit</span> <span class='ocrx_word' id='word_1_259' title='bbox 169 3580 282 3618; x_wconf 83' lang='lat' dir='ltr'>caueam</span> <span class='ocrx_word' id='word_1_260' title='bbox 301 3566 343 3636; x_wconf 78' lang='lat' dir='ltr'>(ia</span> <span class='ocrx_word' id='word_1_261' title='bbox 360 3575 388 3619; x_wconf 79' lang='lat' dir='ltr'><em>P</em></span> <span class='ocrx_word' id='word_1_262' title='bbox 403 3568 499 3636; x_wconf 77' lang='lat' dir='ltr'>micio)</span> <span class='ocrx_word' id='word_1_263' title='bbox 519 3581 533 3631; x_wconf 77' lang='grc' dir='ltr'><strong>β</strong></span> 
     </span>
    </p>
   </div>
   <div class='ocr_carea' id='block_1_11' title="bbox 0 0 1220 3952">
    <p class='ocr_par' dir='ltr' id='par_1_12' title="bbox 0 0 1220 3952">
     <span class='ocr_line' id='line_1_35' title="bbox 0 0 1220 3952; baseline 0 0"><span class='ocrx_word' id='word_1_264' title='bbox 0 0 1220 3952; x_wconf 95' lang='lat' dir='ltr'> </span> 
     </span>
    </p>
   </div>
  </div>
 </body>
</html>
