2430 3952
142 191 206 256 132
466 187 641 243 CORPORIS
660 187 826 244 PROIEOTI

137 360 284 418 intumuit
310 359 357 417 tot
379 359 500 416 inlisum
523 357 665 433 scopulis,
691 360 756 416 tam
778 359 917 433 spatiosis
945 360 1075 416 tractum
1098 359 1151 417 ha·

138 450 231 522 renis,
258 466 411 523 uunquam
433 449 534 506 tamen
556 447 705 506 infelicius
729 464 819 522 quam
842 465 909 506 cum
932 448 1069 505 venitin
1092 450 1152 506 ter-

141 557 213 596 ram.
259 556 276 595 o
301 555 390 611 quam
412 555 502 613 grave
526 538 571 594 est
592 536 681 594 morit
710 537 822 611 quanto
847 537 969 612 gravius
992 536 1072 612 quod
1095 555 1151 614 ego

126 626 207 685 *vivo
230 628 378 701 superstes
400 624 456 683 filii
478 625 550 683 mei!
591 626 659 683 vivo
684 624 818 683 omnibus
842 624 899 683 diis
922 625 1152 701 hominibusque

131 715 189 778 'sed
213 716 282 772 ante
305 733 405 773 omnes
427 714 502 771 mihi
524 715 554 772 et
576 715 690 772 invisus
718 715 748 771 et
773 714 912 788 infestus,
936 716 966 772 et
988 716 1023 772 ut
1050 717 1153 774 uxoris
1180 735 1191 775 s

138 822 255 879 quoque
278 803 422 877 pietatem
445 801 605 877 perderem,
630 804 663 860 in
685 803 787 860 funere
810 802 866 860 filii
884 803 1047 862 divortium
1069 804 1152 863 fecit.

137 892 224 951 video
247 892 320 950 haec
341 911 441 949 rerum
462 892 586 949 naturae
609 890 687 949 bona
710 911 784 966 quae
807 891 869 949 filio
894 893 1011 950 abstuli.
1054 895 1153 953 omnis

138 1001 185 1040 me
206 981 287 1038 aetas
310 981 369 1037 mei
391 979 529 1037 admonet
550 981 661 1038 luctus:
685 982 818 1039 senectus
843 980 989 1056 adquam
1008 1000 1066 1040 non
1085 1001 1153 1057 per-

138 1069 233 1142 venit,
261 1071 369 1127 misera
396 1069 526 1142 pueritia
549 1088 639 1144 quam
661 1087 738 1126 nunc
760 1070 915 1144 transivit,
940 1069 1152 1146 adnleseentia,

138 1159 171 1215 in
194 1176 253 1232 qua
274 1158 373 1231 periit.
410 1175 572 1232 supersum,
595 1160 638 1231 ut,
661 1159 687 1217 si
707 1157 875 1216 felicissime
894 1160 1022 1232 cesserit,
1045 1179 1153 1236 rogum
1168 1181 1193 1220 ro

138 1265 238 1305 meum
264 1244 383 1304 videam
410 1248 440 1303 et
468 1246 565 1305 edacis
592 1249 671 1304 cirea
696 1264 801 1322 corpus
828 1247 884 1305 filii
914 1247 973 1306 mei
1006 1248 1152 1308 flammas.

139 1335 243 1395 sihoc
265 1353 325 1393 non
348 1336 520 1412 contigerit,
548 1337 667 1413 nigrum
694 1336 820 1394 cadaver
848 1338 878 1394 et
901 1337 1032 1395 deforme
1060 1338 1154 1396 etiam

107 1434 109 1438 ’
139 1426 250 1503 ignotis
278 1425 486 1499 spectaculum.
532 1427 611 1483 inter
638 1424 711 1483 haec
738 1426 818 1483 mala
846 1426 983 1499 credetis,
1010 1428 1098 1500 puto,
1126 1429 1153 1485 si

140 1513 254 1573 dixero:
285 1509 404 1572 ‘vellem
427 1515 527 1572 oculos
550 1533 610 1572 non
632 1509 760 1572 habere'
807 1515 878 1589 quid
901 1532 979 1572 nunc
1002 1513 1153 1590 amplius?

140 1603 179 1661 ad
205 1605 249 1676 te,
276 1622 363 1676 uxor,
390 1620 490 1678 preces
519 1605 689 1662 convertam
715 1605 836 1677 inritas,
864 1603 941 1661 male
968 1603 1152 1678 temptatas?
1167 1625 1192 1665 rs

140 1693 175 1750 tu
197 1710 267 1750 vero
289 1711 379 1768 perge
403 1694 433 1750 et
455 1691 533 1750 bono
551 1695 604 1751 tuo
623 1694 713 1750 utere.
750 1691 868 1750 felicem
884 1694 923 1765 te,
947 1691 1026 1768 quod
1044 1694 1076 1749 in
1094 1694 1153 1753 hac

87 1780 125 1836 24
139 1781 260 1839 fortuna
278 1782 332 1839 tua
350 1781 494 1839 irasceris.
530 1781 568 1839 ad
591 1780 647 1839 hoc
665 1781 894 1858 confugiendum
913 1782 965 1840 est.
1001 1801 1055 1857 per
1073 1801 1152 1841 com-

140 1887 243 1928 munes
266 1887 360 1942 casus,
383 1889 436 1943 per
456 1869 658 1927 calamitatem
676 1888 781 1943 meam,
804 1871 951 1927 humanae
970 1870 1152 1930 calamitatis

140 1957 298 2031 exemplar,
320 1958 364 2015 ita
387 1975 439 2015 vos
463 1959 601 2036 coniuges
624 1961 739 2016 vestrae
763 1960 805 2016 sic
829 1961 936 2032 ament,
959 1978 1018 2018 non
1042 1960 1083 2018 sic
1102 1959 1152 2019 de·

140 2044 283 2118 siderent,
310 2047 355 2104 ita
382 2047 438 2104 hoc
464 2045 602 2105 orbitatis
630 2065 712 2104 meae
740 2047 880 2105 ultimum
907 2049 1073 2123 exemplum
1103 2051 1151 2124 sit,
1166 2070 1192 2108 eo

140 2133 184 2192 ita
207 2132 290 2192 vobis
318 2133 425 2192 habere
453 2137 513 2192 tam
537 2137 603 2211 pios
629 2134 707 2194 filios
731 2155 790 2194 non
813 2155 929 2196 necesse
952 2138 1004 2211 sit,
1032 2139 1151 2197 misere-

141 2223 222 2281 mini.
270 2223 296 2281 si
318 2224 462 2280 vicarium
485 2222 634 2299 accipitis,
656 2244 703 2283 me
726 2226 859 2300 proicite.
904 2245 964 2284 non
987 2226 1152 2286 invidiosae

141 2329 241 2387 preces
264 2313 347 2384 sunt,
375 2310 568 2371 nihilominus
590 2313 744 2390 imprecor.
789 2332 848 2372 nou
871 2315 951 2373 laeta
974 2316 1152 2375 sententiam

143 2402 271 2460 vestram
294 2401 432 2475 sequetur
455 2402 631 2477 gratulatio,
658 2421 718 2460 non
741 2402 779 2461 ad
801 2404 914 2478 templa
936 2404 1072 2479 deducar,
1101 2405 1152 2465 sed

142 2490 180 2549 ad
212 2490 353 2564 sepulcra.
400 2490 491 2546 etiam
525 2509 591 2549 cum
622 2493 733 2565 vicero,
765 2491 894 2550 flendum
926 2495 977 2551 est.
1024 2496 1050 2551 si
1082 2514 1153 2552 vero
1167 2515 1193 2554 ss

141 2580 295 2653 vincimur,
321 2577 370 2636 ibo
393 2577 424 2634 in
447 2577 518 2637 litus
540 2582 637 2655 miser,
665 2580 832 2655 planctibus
857 2599 925 2639 aves
954 2581 1073 2659 abigam
1100 2586 1153 2642 aut

104 2806 109 2812 ·
152 2811 155 2816 ·
214 2789 467 2852 2quamzqu01’
517 2799 580 2836 eum
594 2801 627 2837 ea
643 2801 695 2838 con
708 2794 746 2851 153
767 2801 818 2838 con
837 2795 875 2838 Vc
926 2787 1102 2856 tsuprestes
1116 2797 1151 2853 B,

142 2864 245 2910 cerm
317 2853 497 2918 filiomeoe
568 2854 743 2920 vivoom.V
824 2857 998 2911 bomnisB
1068 2858 1153 2911 etut

143 2927 234 2980 Desa:
254 2929 283 2979 et
300 2934 403 2992 ΒΜβός
420 2927 454 2979 ut
475 2934 496 2977 V
546 2931 561 2979 6
580 2926 725 2996 perderem
748 2936 776 2980 V:
796 2929 912 2996 perdere
930 2938 1002 2996 3303
1021 2929 1108 2998 perdo
1123 2938 1156 2982 Μ

145 2996 276 3061 Vvidce
347 3002 565 3050 8me:meaB
635 3003 868 3052 enunc:nona
936 3002 1104 3069 10peritV

145 3072 177 3120 11
198 3067 304 3121 edacis:
323 3067 398 3121 laces
416 3077 455 3134 113
474 3066 573 3123 edaces
596 3077 646 3122 VM
725 3074 757 3122 12
777 3069 927 3139 eontigerit
944 3089 977 3125 ea
996 3073 1154 3141 contegerit

145 3138 331 3208 (corr.a?)15
384 3144 416 3192 13
435 3138 549 3193 creditis
568 3162 587 3193 α
642 3145 675 3193 14
694 3139 801 3194 dixero:
821 3140 943 3195 dicerem
960 3152 987 3194 J
1037 3148 1070 3196 16
1089 3160 1154 3212 per-

143 3209 223 3279 gise
313 3214 344 3262 17
364 3211 415 3263 tua
432 3228 482 3264 om.
497 3223 538 3264 ec
624 3217 657 3264 19
677 3211 838 3280 coniugeV
924 3213 964 3266 sic
982 3231 1032 3269 om.
1052 3223 1085 3267 Μ

145 3286 179 3335 20
198 3280 356 3349 exemplum
374 3280 505 3335 ultimum
526 3291 548 3334 V
604 3288 637 3336 21
656 3281 729 3336 filios
746 3281 809 3350 pios
823 3290 856 3334 Μ
911 3288 944 3335 22
964 3284 999 3337 si:
1021 3286 1153 3355 (fotid)

145 3352 278 3406 librarius
295 3352 363 3406 alter
381 3353 481 3408 codicis
502 3363 524 3405 V
541 3354 655 3408 cerbere
672 3355 771 3423 inrepit
841 3353 982 3422 accipitis:
1005 3372 1062 3409 non
1081 3359 1155 3412 acci-

144 3423 213 3492 pitis
231 3433 260 3489 V3
280 3423 429 3492 accepistis
446 3433 516 3490 Bm3
535 3425 669 3495 accepitis
683 3434 716 3478 Ι
784 3429 817 3477 23
836 3423 974 3494 imprecor
992 3427 1082 3482 Desa:
1102 3429 1155 3482 im-

145 3511 213 3563 pero
232 3517 266 3561 ω;
285 3494 404 3563 impetro
425 3495 473 3548 Gr.
545 3495 632 3550 letam
650 3505 702 3548 BV
769 3501 803 3549 24
826 3497 919 3549 vestra
940 3505 962 3547 V
1021 3503 1155 3566 sequetur

146 3565 312 3635 gratulatio:
331 3565 489 3635 gratuletur
506 3576 548 3634 M,
567 3585 635 3623 corr.
649 3588 681 3620 m
