2430 3952
140 242 204 306 292
524 239 628 294 Amor
646 239 764 293 vlnus
861 250 863 254 >
919 220 923 228 “

140 429 315 487 paraveram
338 409 418 484 apud
439 411 600 484 tyrannum
623 411 699 468 hanc
725 410 931 482 iactationem,
959 411 992 467 ut
1021 427 1069 466 me
1096 427 1159 469 ore·

141 500 223 559 deret
249 501 416 571 remissum,
447 501 477 557 et
504 517 595 576 genus
625 498 834 557 ostentationis
864 497 1092 572 adamaveram,
1124 500 1160 557 nt

140 590 318 646 mirarentur
344 587 472 647 hominis
499 586 587 646 fidem
615 587 706 645 etiam
732 587 765 644 in
792 587 930 646 orbitate.
976 604 1036 662 quo
1062 587 1162 647 vultis

142 677 197 736 hoc
229 676 327 736 animo
359 678 451 734 feram
480 676 573 751 qnod,
603 678 695 734 etiam
722 677 755 734 ut
782 677 928 748 revertar,
960 677 1057 734 amico
1092 694 1160 735 meo

142 767 237 825 mater
258 763 412 841 inposuit?
449 767 479 823 et
501 767 646 841 quantum
669 764 708 823 ad
730 765 807 824 hano
830 766 968 840 pertinet,
990 766 1161 823 maximum
1186 785 1198 826 s

141 856 277 914 invenem
301 855 424 929 decepit,
447 854 533 913 illum
557 854 608 930 qui
631 871 711 913 meos
734 852 892 913 crediderit
915 853 1059 912 adfectus.
1098 872 1161 913 non

141 964 270 1021 possum,
292 943 416 1016 iudices,
439 944 502 1002 litis
525 943 613 1002 huius
637 943 822 1001 dissimulare
845 943 968 1003 facinus.
1015 944 1162 1003 innocen-

142 1035 202 1092 tius
225 1034 333 1106 fuerat,
357 1034 391 1089 nt
413 1050 467 1109 ego
490 1032 600 1091 nollem
622 1033 740 1090 reverti.

208 1121 355 1194 Viderint,
378 1121 557 1180 sanctissimi
575 1123 641 1195 viri,
666 1159 672 1177 .-
684 1166 760 1178 .....
780 1120 831 1180 sed
848 1122 982 1195 receptas
1000 1122 1162 1179 nominum

142 1212 347 1287 persuasiones
369 1209 452 1268 velut
475 1210 607 1285 aliquam
631 1211 805 1268 servitutem
828 1209 962 1269 caritatis
986 1207 1161 1268 attendunt.
1175 1233 1198 1274 ιο

143 1320 190 1358 me
213 1300 239 1358 si
263 1301 327 1374 quis
351 1300 524 1375 interroget,
546 1299 644 1357 nullos
668 1299 801 1357 adfectus
824 1301 943 1357 tantum
965 1300 1051 1356 nasci
1072 1302 1161 1374 puto.

145 1391 175 1447 et
198 1391 224 1447 si
246 1390 312 1463 quis
340 1390 439 1446 omnia
463 1407 533 1447 vera
559 1388 675 1446 ratione
702 1389 843 1463 respiciat
871 1386 1012 1461 quioquid
1039 1386 1162 1464 liberos,

144 1479 264 1551 fratres,
291 1479 473 1552 propinquos
495 1479 622 1536 invicem
645 1479 740 1546 tenet,
766 1478 900 1535 amicitia
923 1479 975 1535 est.
1022 1475 1162 1536 homines

144 1569 238 1645 igitur
261 1584 333 1641 quos
357 1584 424 1624 cum
446 1569 573 1625 maxime
596 1566 815 1625 incredibilium
833 1584 932 1624 rerum
953 1565 1093 1640 loquitur
1117 1568 1163 1624 iu·

145 1656 239 1731 vidia,
267 1674 366 1715 sumus
394 1657 456 1714 sine
484 1655 573 1714 dubio
602 1674 660 1714 non
689 1655 820 1714 eiusdem
846 1673 915 1729 pars
940 1655 1071 1727 animae,
1101 1673 1199 1720 noun

146 1745 276 1805 eiusdem
301 1744 416 1819 pondus
443 1747 533 1819 uteri,
561 1747 591 1803 et
613 1747 725 1820 quanto
753 1746 851 1802 minus
874 1745 906 1801 in
934 1743 1045 1818 causis,
1072 1745 1163 1804 tanto

146 1836 213 1911 plus
236 1835 267 1891 in
291 1833 408 1892 adfectu
431 1837 483 1893 est.
521 1833 725 1892 admirabilior
745 1835 862 1908 caritas,
885 1833 1025 1907 inquam
1046 1832 1164 1893 coimus

147 1923 259 1981 viribus
282 1924 398 1981 nostris.
435 1943 495 1982 non
516 1923 619 1999 pudet,
641 1922 761 1995 iudices,
784 1922 861 1980 hanc
884 1922 973 1980 fateri
991 1924 1165 1996 persuasio·

148 2033 224 2094 nem,
242 2011 338 2068 minus
358 2010 480 2070 debetur
497 2012 611 2071 homini
630 2012 681 2087 qui
700 2011 829 2086 aliquem
847 2010 914 2069 ideo
932 2012 1053 2068 tantum
1070 2015 1166 2087 amat,

149 2101 220 2176 quia
241 2118 358 2159 necesse
381 2104 432 2159 est.
470 2102 513 2160 ita
532 2103 585 2175 est,
607 2101 728 2175 iudices,
751 2103 795 2157 ita
814 2102 871 2159 est:
895 2099 1035 2175 oprimis
1056 2101 1166 2160 statim
1179 2124 1201 2164 n

150 2189 296 2248 aetatibus
323 2191 355 2246 iu
377 2190 500 2248 eandem
527 2193 604 2249 coire
628 2192 723 2249 vitam
749 2188 840 2247 habet
868 2189 998 2263 aliquem
1020 2189 1167 2248 fraterni·

149 2280 221 2336 tatis
245 2277 402 2340 adfectum.

217 2366 265 2425 Sic
288 2367 423 2425 effectum
447 2371 503 2443 est,
531 2370 565 2426 ut
587 2386 640 2426 nos
664 2367 766 2426 statim
789 2367 870 2425 fama
893 2368 1110 2443 committeret,
1137 2371 1168 2427 et

149 2458 204 2515 tali
227 2456 385 2516 certamine
409 2460 533 2533 coimus,
556 2460 604 2532 ut,
632 2459 657 2514 si
681 2457 752 2531 quid
776 2456 930 2514 accidisset
952 2455 1016 2528 uni,
1041 2456 1169 2518 deberet

150 2548 238 2605 alteri
265 2538 439 2620 exemplum.
484 2547 553 2605 inde
580 2547 637 2620 est,
661 2546 740 2621 quod
764 2547 794 2603 et
820 2546 934 2619 pariter
959 2546 1072 2603 reverti
1096 2565 1169 2605 con·
1182 2568 1206 2609 sa

150 2697 345 2704 ..——-—.--

222 2794 235 2840 1
255 2790 419 2870 typrannum
437 2797 458 2839 ι’
532 2789 565 2840 ut
583 2786 724 2860 (matris)
743 2786 918 2839 morarentur
936 2786 1013 2839 Deos.
1026 2801 1055 2852 p.
1072 2791 1113 2840 89

152 2877 315 2961 3hominiee
334 2904 355 2946 ν
427 2895 513 2947 etiam
531 2893 681 2948 morbitate
704 2903 725 2945 v
800 2892 955 2945 tmaxime
974 2901 1005 2944 M
1082 2897 1170 2949 tac-

152 3002 226 3071 cepit
245 3018 307 3055 eum
327 3011 358 3054 M
428 3001 598 3054 crediderint
615 3010 647 3054 M
727 2980 939 3053 'ldissimulare
956 3007 984 3051 Β
1065 3002 1170 3055 9sed:

152 3074 201 3141 qni
220 3086 248 3140 a,
267 3074 299 3127 de
317 3073 418 3127 lacuna
436 3073 470 3139 cf.
487 3074 563 3126 Deos.
576 3089 605 3140 p.
613 3077 657 3158 {39
723 3077 755 3124 10
773 3071 905 3125 karitatis
925 3079 958 3122 M
1016 3074 1047 3121 11
1069 3071 1170 3126 nullus

151 3207 203 3251 BV
279 3196 428 3261 effectuae
513 3203 545 3250 12
565 3190 631 3251 veri
648 3208 676 3251 Β
763 3213 854 3265 persp.
870 3197 977 3248 Fracta
1070 3200 1104 3247 13
1126 3200 1172 3250 est

151 3287 227 3338 supr.
241 3278 269 3321 Β
329 3268 449 3323 hominis
469 3291 487 3320 α
551 3273 584 3323 15
604 3287 697 3323 sumus
716 3267 841 3337 profecto
861 3267 920 3319 sinc
939 3275 960 3317 l*
1024 3269 1058 3317 16
1077 3267 1170 3321 uteris

151 3351 190 3407 Β;
209 3339 286 3393 uturi
304 3350 331 3392 Ρ
400 3341 449 3393 sed
466 3349 488 3392 Γ
555 3343 641 3409 quato
659 3350 687 3393 Β
768 3343 799 3390 17
819 3340 862 3391 est
880 3339 921 3392 bis
938 3346 960 3389 Γ
1032 3338 1171 3394 ammira·

152 3411 236 3466 bilior
254 3411 361 3465 karitas
381 3421 412 3464 M
490 3425 579 3479 quas
660 3415 693 3465 18
712 3410 765 3463 hac
782 3419 810 3462 Β
890 3414 922 3461 21
943 3406 1036 3462 cohire
1055 3418 1118 3461 ΒΜ

154 3489 187 3536 24
206 3482 331 3536 cohimus
349 3493 388 3551 Β;
412 3483 534 3553 οοξὶωιιε
554 3493 585 3536 M
602 3482 630 3551 (h
649 3485 696 3551 er.)
767 3483 811 3533 ut:
836 3483 864 3533 et
882 3490 930 3533 Mo
999 3479 1063 3548 quis
1083 3489 1117 3532 M

154 3554 289 3609 accidisse
308 3564 360 3607 BV
428 3560 461 3607 25
481 3555 510 3606 et
528 3553 610 3608 alteri
628 3563 649 3606 1·
717 3554 745 3605 et
763 3570 837 3620 supr.
852 3561 880 3604 Β
946 3551 1172 3619 contempsimus

151 3648 188 3693 ω;
205 3643 273 3682 corr.
288 3627 344 3681 Bu.
802 3651 806 3660 ·
