2430 3952
358 195 593 252 DEOLAMfflO
612 196 677 252 xvi
691 203 787 253 s-10.
1015 197 1081 262 ,299

65 364 106 424 ad
132 364 244 424 bouum
271 367 408 425 amicum.
455 365 592 426 accedere
615 366 655 425 ad
681 367 768 425 illum
790 365 886 425 cubile
914 367 988 426 iussi
1013 369 1083 425 sunt

65 454 200 513 homines
232 456 385 529 nocentes,
417 457 448 514 et
475 454 599 514 subinde
632 454 745 514 dictum
772 457 829 530 est,
863 448 943 514 ‘vide
971 457 1081 530 tamen,

66 544 169 618 amice,
193 544 219 601 si
237 544 316 602 tanti
334 537 400 603 est.'
432 562 492 602 una
510 563 576 619 vox,
599 563 675 603 unus
696 545 798 603 miseri
816 545 959 622 gemitus:
983 539 1082 619 ‘unta

65 632 203 707 lacerate,
222 631 390 706 distrahite,
408 632 459 692 ille
477 636 577 692 tamen
594 628 778 693 revertetur!
812 634 959 707 miserere,
976 635 1081 709 mater,

37 740 176 799 smagna
203 739 250 780 res
278 722 386 799 agitur.
437 723 565 781 amicum
593 741 691 782 meum
718 722 828 798 reliqui
856 721 1082 782 contendentem

65 829 134 869 cum
155 811 294 886 tyranno.
338 829 444 870 excuso
467 829 514 870 me
536 811 630 884 vobis,
652 811 776 869 humani
799 813 915 889 generis
938 811 1081 886 adfectus,

65 901 97 958 et
118 897 177 958 tibi
200 901 269 957 ante
292 901 405 974 omnia,
433 902 538 975 mater,
566 918 687 974 excuso,
711 899 789 976 quod
811 900 867 960 hoc
889 900 955 958 fieri
976 918 1081 976 passus

64 1005 139 1046 sum.
185 987 248 1046 ulla
276 1006 345 1065 ergo
373 990 405 1046 iu
432 987 520 1049 rebus
551 989 689 1048 humanis
717 989 876 1050 necessitas
907 989 988 1048 tanti
1013 989 1081 1063 fuit,

63 1076 208 1136 utillum
231 1079 360 1135 amicum
386 1096 485 1136 meum
508 1079 540 1135 in
563 1096 710 1137 carcerem
736 1080 800 1153 ipse
823 1075 1018 1137 deducerem?
1046 1081 1082 1136 ut

21 1186 50 1226 ro
64 1167 233 1241 squalorem
266 1185 378 1240 meum,
413 1184 494 1225 meas
527 1169 647 1226 catenas
683 1167 715 1224 in
746 1166 879 1227 membra
911 1168 1081 1226 festinantis

64 1252 222 1314 exuerem?
243 1258 280 1313 ut
302 1255 366 1313 tam
389 1255 511 1330 abrupti
533 1258 715 1316 commeatus
738 1256 819 1315 diem
841 1258 945 1315 contra
967 1258 1014 1316 tot
1036 1251 1081 1314 in-

64 1344 147 1403 certa
167 1341 394 1419 promitterem?
439 1346 533 1404 testor
559 1345 604 1418 te,
631 1347 739 1404 misera
762 1345 955 1420 conscientia,
984 1347 1027 1420 et,
1055 1347 1081 1404 si

66 1432 145 1508 quod
171 1450 225 1492 nos
248 1434 280 1490 in
307 1432 362 1490 illa
385 1434 560 1492 necessitate
582 1454 693 1493 numen
715 1435 845 1510 aspexit,
874 1437 1019 1509 quantum
1041 1437 1080 1494 si-

63 1540 130 1581 mus
157 1523 247 1580 rixati
274 1523 352 1581 circa
380 1524 513 1596 catenas,
545 1541 636 1599 quam
668 1524 768 1581 omnia
800 1523 934 1597 fecerim,
966 1526 1002 1582 ut
1028 1521 1080 1581 ille

13 1629 49 1671 ‘re
64 1612 166 1686 potius
189 1611 315 1670 veniret
328 1610 367 1669 ad
389 1612 525 1670 matrem.

130 1698 248 1774 Fateor,
275 1699 400 1775 iudices,
425 1701 513 1759 unius
537 1701 727 1777 cogitationis
750 1701 863 1776 pudore
885 1702 982 1760 victus
1005 1700 1133 1775 sum,1c

64 1787 145 1863 quod
166 1791 230 1847 tam
252 1790 356 1866 magni
377 1789 513 1848 beneficii
536 1788 743 1849 difficultatem
766 1790 804 1848 ab
828 1790 923 1849 amico
948 1809 1008 1848 non
1032 1808 1080 1848 ac·

64 1878 175 1953 cipere,
203 1876 337 1936 adfectus
364 1876 523 1938 videbatur
548 1879 677 1938 hominis
713 1881 766 1955 qui
801 1897 862 1938 non
898 1878 1079 1938 credidisset.

63 1968 214 2042 miserere,
242 1968 347 2040 mater,
374 1986 411 2026 ue
438 1986 485 2025 me
513 1968 644 2026 solutum
667 1970 767 2043 putes,
795 1968 924 2027 amicum
948 1967 1079 2045 alligavi.

11 2076 49 2116 eo
63 2056 120 2114 hae
148 2057 219 2114 sunt
246 2057 368 2114 catenae
392 2074 468 2132 quae
490 2059 597 2134 tegunt
623 2058 768 2130 membre,
796 2075 872 2133 quae
895 2076 949 2132 per
975 2059 1080 2132 maria,

62 2164 117 2220 per
143 2143 262 2203 infinita
289 2147 436 2204 terrarum
464 2147 563 2221 spatia
590 2146 781 2224 restringunt.
827 2147 870 2204 sic
897 2165 956 2204 non
982 2148 1081 2221 potest

63 2251 164 2293 carcer
186 2233 311 2310 effringi.
348 2234 467 2293 invideo
490 2237 631 2310 tyrenn03
654 2237 711 2294 soit
734 2235 858 2312 elligere
882 2236 1001 2308 amicos,
1024 2237 1081 2294 scit

63 2325 164 2381 tenere
192 2321 356 2382 dimissum.
401 2325 510 2382 iterum
538 2341 573 2382 ac
600 2322 723 2384 subinde
751 2324 931 2399 proclamem
963 2342 1080 2384 necesse

64 2414 123 2469 est:
148 2429 202 2488 ego
221 2412 349 2471 amicum
367 2431 466 2471 meum
485 2412 610 2490 alligavi
632 2415 671 2487 et,
688 2415 724 2471 ut
741 2415 771 2471 te
790 2413 930 2488 viderem,
953 2431 1080 2488 poenam

17 2521 49 2560 es
64 2493 164 2558 meam
186 2501 280 2559 altero
302 2501 421 2560 homine
443 2500 574 2577 implevi.
611 2500 681 2578 scio,
705 2520 763 2576 quo
786 2502 841 2560 hcc
860 2503 972 2560 amicus
995 2520 1079 2576 prae·

64 2589 177 2648 stiterit
204 2589 317 2663 animo,
345 2589 397 2648 sed
425 2609 479 2667 ego
507 2609 569 2649 rem
597 2591 655 2650 feci
680 2590 809 2649 hominis
837 2581 912 2648 non⁶
923 2591 1078 2648 reversuri.

62 2679 216 2755 interrogo
243 2678 299 2737 hcc
326 2679 391 2737 loco
420 2678 630 2754 inpatientiam
662 2681 759 2753 tuam,
791 2681 895 2752 mater,
927 2677 1078 2756 interrogo

64 2767 137 2843 quid
163 2767 289 2840 faceres,
317 2769 343 2825 si
365 2787 418 2827 nos
443 2766 480 2826 ad
508 2769 538 2826 te
561 2767 719 2826 videndam
743 2767 911 2826 deduxisset
938 2767 1078 2844 alligatos

137 3045 202 3097 lat
220 3053 253 3096 Μ
307 3043 380 3096 illud
399 3057 434 3108 sc
486 3043 591 3097 cubile:
612 3042 752 3097 custodire
771 3052 803 3096 M
872 3043 990 3097 3unius
1009 3053 1030 3096 V

61 3113 137 3167 urite
150 3131 200 3170 om.
215 3117 248 3168 ic
265 3116 369 3170 lacuna
382 3124 409 3167 P
463 3120 495 3169 10
514 3114 640 3169 membra
653 3131 687 3169 ecc
700 3116 823 3169 membre
836 3123 875 3182 123
895 3114 1026 3169 membris
1041 3125 1079 3181 Μ,

62 3201 132 3241 corr.
147 3207 179 3237 ιιι
234 3191 265 3239 11
286 3173 444 3262 exuebtrem
458 3195 496 3252 153
516 3187 674 3239 excuterem
688 3195 721 3238 Μ
772 3190 805 3239 13
824 3202 925 3240 nemen
940 3186 1082 3256 aspexitv

64 3262 97 3311 17
118 3257 274 3326 acciperem
292 3267 313 3310 V
383 3263 415 3312 18
435 3256 550 3311 effectus
570 3267 602 3310 Μ
665 3261 699 3309 10
717 3256 788 3311 haec
805 3266 834 3310 B
851 3258 894 3327 (ece
911 3257 1008 3327 hac)c

61 3329 174 3398 tegant:
194 3344 210 3382 e
228 3345 262 3382 ece
278 3344 348 3384 corr.
362 3338 394 3382 Μ
463 3334 497 3382 11
516 3328 563 3381 hic
581 3328 641 3384 Set.
706 3334 739 3380 11
759 3344 868 3382 carcere
888 3350 906 3382 a
966 3328 1035 3399 fingi
1053 3339 1081 3382 B

61 3398 89 3470 (f
103 3416 178 3468 supr.
194 3399 222 3468 a)
237 3408 278 3466 Μ;
297 3399 379 3469 fungi
397 3409 418 3452 V
493 3399 597 3464 amicos
616 3415 666 3454 om.
686 3409 708 3451 V
783 3405 818 3452 14
835 3402 880 3453 ut:
899 3401 964 3454 utut
981 3409 1010 3453 B

61 3475 98 3525 16
117 3470 260 3539 praestitit
279 3469 392 3542 animo}
409 3473 438 3525 et
456 3473 479 3540 (e
498 3473 545 3539 er.)
561 3480 593 3523 Μ
661 3474 695 3524 18
717 3470 742 3524 si
760 3487 810 3525 nos
829 3487 880 3526 occ.
900 3477 926 3526 et
942 3472 975 3524 ia
992 3489 1078 3542 murp.

60 3576 128 3632 odd.
148 3587 170 3629 V
237 3577 363 3631 duxisset
379 3588 418 3644 33
438 3559 599 3631 deduxisslt
616 3587 645 3644 νς
665 3577 847 3632 deduxissent
866 3586 916 3630 Mu
