2430 3952
382 218 687 274 DECLAMATIONES
704 219 789 274 XVII.
809 219 905 273 XVIII.
1081 219 1144 283 387

132 388 235 447 morbo
263 390 402 463 moritur,
430 387 585 446 minimum
614 392 659 447 est
687 389 766 463 quod
793 388 947 448 erubescit.
992 391 1146 464 praeterea

132 480 277 536 secretum
312 477 473 554 elegeram,
507 497 544 535 ne
575 478 778 553 superveniret
808 479 860 552 qui
890 496 937 535 me
965 477 1143 552 prohiberet.

132 566 183 625 sed
206 565 299 625 dices:
330 566 402 642 quid
429 585 488 624 non
511 565 627 641 bibisti,
655 585 723 625 cum
749 564 871 625 monui?
895 566 946 625 sed
969 565 1034 625 dico
1058 567 1145 641 quod,

132 674 198 714 cum
223 657 288 729 quis
314 654 371 713 sibi
393 674 515 713 manum
540 656 607 714 vult
628 655 747 730 inicere,
771 657 796 714 si
824 655 1014 730 superveniat
1036 655 1146 732 aliquis

103 744 182 819 equi
205 743 346 821 gaudeat,
370 745 422 819 qui
445 744 591 802 vindIcari
614 762 644 802 se
670 746 770 820 putet,
799 745 824 803 si
846 747 973 803 mortem
995 744 1145 820 inspiciat,

130 833 447 892 statim—dissentiet
462 825 518 913 (=
528 851 560 905 p.
579 835 652 902 316,
667 825 711 913 2).
744 853 812 892 cum
831 833 1028 908 supervenisti
1047 833 1078 891 et
1098 853 1145 891 me

128 923 361 999 Interrogavisti,
384 922 455 980 dum
475 922 652 996 respondere
671 924 761 1000 cogIs,
779 922 857 981 redit
875 922 1043 1000 indignatio
1062 922 1145 997 mihi,

130 1014 160 1070 et
181 1011 260 1086 perit
278 1012 432 1086 susceptae
450 1012 554 1070 mortis
574 1010 669 1070 ardor.
716 1030 770 1088 ego
789 1012 911 1086 propter
930 1013 1047 1086 patrem
1069 1012 1145 1069 mori

128 1119 258 1176 possum,
282 1118 381 1159 coram
400 1102 486 1176 patre
504 1118 564 1157 non
582 1118 710 1175 possum.
752 1118 819 1157 cum
838 1101 1043 1176 supervenisti,
1066 1101 1145 1175 perit

87 1209 116 1248 v1o
130 1189 218 1248 ardor
240 1191 345 1247 mortis
369 1192 399 1247 et
422 1191 548 1264 utroque
571 1208 619 1247 me
641 1189 764 1248 resolvit
788 1188 904 1247 affectu.

189 1296 221 1350 p.
242 1280 315 1347 318,
336 1280 356 1335 9
383 1280 408 1336 si
436 1277 557 1336 direris:
584 1296 644 1335 non
666 1277 711 1335 fui
733 1295 887 1354 passurus,
913 1278 939 1336 si
965 1276 1067 1336 bibere
1091 1297 1143 1336 vo·

127 1367 241 1440 luisses,
264 1366 314 1426 sed
338 1366 466 1441 qualiter
488 1366 543 1424 hoo
566 1369 611 1424 est
632 1366 800 1442 probabile,
823 1385 890 1424 cum
912 1383 959 1424 me
982 1366 1070 1425 hodie
1094 1385 1142 1425 co-

128 1457 207 1514 neris
217 1454 357 1514 occidere.
394 1473 453 1513 non
463 1473 528 1514 eras
537 1453 700 1530 passurus?
717 1455 834 1529 quando
844 1457 906 1513 iarn
914 1455 1002 1514 inicIs
1017 1453 1145 1514 manus?

575 1685 692 1744 XVIII.

87 1831 112 1871 15
189 1829 221 1882 p.
241 1812 315 1878 324,
334 1813 378 1869 20
401 1811 436 1868 ut
458 1810 549 1868 altius
572 1809 685 1885 ordiar,
712 1810 789 1869 iuste
812 1810 848 1867 de
878 1810 943 1868 viro
967 1827 1138 1885 conqueror.

129 1899 308 1957 adulterium
323 1898 358 1957 de
377 1919 424 1958 me
442 1899 530 1958 facile
545 1900 711 1974 suspicatus
726 1917 764 1972 es,
779 1900 839 1957 cito
858 1898 1019 1957 credidisti.
1056 1903 1143 1960 tuum

129 1990 193 2047 erat
216 2008 250 2045 ex
278 1987 377 2047 debito
406 1987 533 2046 foederis
558 1987 721 2065 coniugalis
748 1987 925 2060 pudicitiam
954 2005 1051 2045 meam
1074 1989 1142 2048 aliis

130 2095 274 2136 enarrare.
320 2081 355 2136 tu
385 2096 455 2135 vero
486 2077 586 2136 fictam
608 2075 830 2152 ¹impudentiam
858 2095 956 2134 meam
985 2077 1142 2136 ostendisti

128 2166 239 2241 populo
262 2185 315 2242 per
338 2166 438 2225 vultus
457 2165 622 2240 tristItiam,
645 2184 698 2241 per
720 2165 883 2240 fastidium,
905 2185 959 2240 per
982 2166 1140 2241 querelam.

87 2277 113 2314 00
189 2274 221 2327 p.
242 2257 316 2325 327,
334 2258 379 2314 22
402 2255 453 2314 sed
471 2253 558 2313 diois:
581 2254 726 2314 formosus
745 2255 811 2315 fuit
849 2254 900 2314 sed
924 2256 990 2328 quis
1013 2273 1073 2313 non
1097 2258 1142 2315 est

127 2344 273 2401 formosus
300 2343 379 2403 filius
409 2344 512 2418 matri,
543 2343 634 2402 etiam
657 2346 688 2402 si·
708 2343 843 2417 claudus,
873 2345 899 2402 si
922 2343 1035 2402 debilis.
1080 2364 1141 2402 non

128 2433 266 2490 amantur
288 2432 344 2490 filii
363 2452 381 2491 a
398 2433 543 2491 matribus
562 2432 724 2491 secundum
740 2433 858 2492 vultum
877 2435 907 2490 et
925 2433 1140 2507 apparentiam,

127 2519 178 2580 sed
201 2524 246 2579 est
267 2522 300 2577 in
329 2521 390 2579 filio
422 2522 513 2579 matri
543 2522 640 2579 nescio
665 2520 737 2596 quid
765 2520 884 2580 homine
913 2521 1085 2594 formosiuS,
1115 2522 1141 2580 si

126 2612 335 2687 argumentum
357 2611 449 2668 sumis
480 2628 514 2667 ex
536 2611 640 2669 forma.
685 2610 781 2669 multa
809 2613 908 2668 autem
937 2608 1039 2668 debuit
1062 2629 1139 2669 ccm-

85 2720 111 2759 10
126 2700 241 2757 misisse
262 2699 379 2756 iuvenis
402 2692 528 2775 <prius>
552 2716 642 2773 quam
669 2699 813 2756 incestum
836 2699 1042 2757 committeret.
1088 2699 1139 2757 sed

126 2788 187 2861 dic,
214 2786 250 2846 ab
274 2789 342 2845 utro
365 2788 495 2845 incestus
518 2804 613 2845 sermo
635 2787 764 2862 primum
786 2786 935 2861 procedat.
982 2786 1139 2846 audebitne

126 2879 180 2935 hoc
203 2894 309 2953 rogare
331 2875 411 2933 filius
434 2876 560 2933 matrem
583 2879 631 2934 etc.
655 2865 792 2956 (p328,
813 2866 876 2954 17).

187 2985 219 3039 p.
239 2967 313 3034 329,
332 2966 375 3024 24
398 2965 507 3022 ferrem
530 2963 626 3022 adhuc
649 2962 828 3039 suspiciones
851 2967 928 3039 tuas,
954 2964 979 3022 si
1003 2963 1137 3024 dissimu-

126 3055 223 3113 lanter
246 3056 367 3132 egisses,
395 3053 421 3113 si
443 3072 497 3112 nos
521 3052 679 3129 diligenter
706 3055 792 3112 nocte
820 3055 850 3111 et
873 3052 920 3112 die
943 3053 1161 3132 observasses„

85 3165 112 3203 so
127 3143 177 3202 sed
208 3162 261 3218 pro
290 3142 389 3201 debito
422 3143 553 3218 oportet,
582 3144 617 3199 ut
638 3140 734 3200 filium
755 3144 895 3217 torqueas
919 3144 949 3201 et
980 3143 1137 3201 tormentis

126 3231 228 3290 multis
257 3231 372 3310 affligas
400 3233 454 3308 qui
484 3233 554 3309 tum¹
578 3249 638 3290 non
666 3249 696 3289 es
723 3233 846 3307 neganti
873 3231 1046 3290 oreditmus.
1091 3251 1138 3290 re-

126 3338 266 3396 sponsum
287 3340 347 3380 non
370 3322 452 3380 caret
478 3319 656 3380 certitudine
684 3318 763 3394 quod
790 3321 857 3395 quis
880 3338 940 3398 non
962 3321 1062 3379 animo
1085 3320 1139 3378 sed

126 3410 226 3468 dolore
255 3410 420 3485 respondet.
467 3409 504 3468 ab
534 3426 624 3468 uxore
653 3408 832 3468 naturaliter
858 3408 934 3469 nihil
961 3409 1088 3483 scivisti,
1118 3427 1137 3468 a

125 3499 242 3558 famIIia
257 3499 442 3576 interrogata
459 3493 546 3574 nihil,
564 3516 583 3556 a
599 3496 662 3557 filio
675 3497 760 3557 nibil.
800 3516 895 3557 unum
912 3516 983 3576 ergo
995 3498 1052 3557 hoc
1067 3498 1136 3558 scis.

85 3588 201 3656 cenibil
224 3589 304 3647 enim
325 3588 450 3662 iniens,
472 3588 608 3663 maribus,
629 3584 776 3663 domum
796 3589 892 3665 peter..

916 3681 989 3739 w
