2430 3952
399 205 633 262 numenium
653 207 717 262 vni
731 213 809 264 s-u
1050 211 1112 275 151

91 375 204 450 obicio,
226 377 301 451 puta
323 376 522 452 luxuriosum,
545 377 709 452 perditum,
732 380 900 453 nocentem,
928 378 1033 457 fingite
1054 380 1112 439 hoo

92 467 212 542 patrem
229 465 284 539 ira,
302 464 509 543 indignatione
527 466 639 541 senisse,
659 469 804 542 quantum
822 467 938 527 facinus
957 470 998 528 sit
1014 468 1112 528 filium

91 553 235 629 cocidere,
248 573 336 613 nemo
353 556 449 632 magis
468 555 582 615 fatetur
596 574 685 630 quam
699 556 751 631 qui
765 556 832 615 vult
845 557 941 616 videri
961 551 1020 636 [se]
1035 558 1114 616 illud
1183 628 1188 636 ,

94 643 201 703 fecisse
221 662 278 719 pro
300 642 370 704 filio.

65 750 79 792 u
162 732 292 807 Ecquid,
314 731 436 807 iudices,
459 733 507 792 vel
531 752 566 791 ex
587 733 644 792 hoc
665 735 747 792 totus
771 735 888 794 animus
911 735 1021 809 mariti,
1044 737 1111 795 tota

91 820 283 881 tristissimae
316 823 450 898 coniugis
483 822 640 881 calamitas
675 823 804 899 perspici
835 825 935 898 potest
963 824 1048 898 ‚quod
1081 843 1112 884 se

92 912 185 989 negat
197 912 289 968 matri
302 913 503 969 communium
520 911 683 970 liberorum
696 911 802 970 debere
815 911 984 971 rationem?
1013 913 1113 988 placet

92 1000 352 1078 ergo,m01tales,
379 1002 415 1057 ut
437 1000 473 1058 de
496 1000 679 1074 hominibus,
703 1002 736 1058 in
760 1018 833 1076 qnos
855 1002 923 1077 plus
947 1021 982 1060 ex
1005 1002 1112 1060 harum

92 1089 251 1167 sanguine,
280 1107 315 1146 ex
341 1089 449 1147 harum
475 1090 586 1148 transit
613 1091 727 1164 anima,
753 1108 815 1148 non
836 1090 967 1150 habeant
994 1094 1112 1166 partem

52 1195 79 1236 uo
92 1179 152 1237 nisi
182 1179 302 1237 tautum
334 1174 464 1237 doloris?
517 1179 595 1238 solos
628 1198 698 1255 ergo
735 1179 967 1238 communicabit
1003 1181 1112 1239 misera

91 1267 230 1342 planctus
255 1269 285 1325 et
307 1267 346 1325 ab
364 1266 500 1326 omnibus
524 1268 656 1326 consiliis
675 1267 781 1342 quibus
801 1269 957 1327 ordinatur
978 1270 1111 1344 iuventa,

91 1358 158 1415 vita
180 1355 357 1431 disponitur,
385 1358 526 1415 extranea
548 1357 667 1414 vilitate
691 1358 835 1432 seposita,
861 1359 940 1417 circa
962 1377 1110 1417 maerores

90 1446 212 1504 tantum
238 1443 488 1519 lacrimarumque
515 1447 696 1504 consortium
720 1445 849 1504 orbitate
875 1445 1037 1523 iungetur?
1083 1447 1148 1506 si?

91 1533 273 1593 mehercules
301 1534 346 1592 fas
370 1536 416 1593 est
443 1534 614 1608 aestimare,
641 1536 704 1592 utri
726 1535 794 1609 plus
821 1537 941 1609 parenti
967 1535 1110 1594 debeatur

50 1639 78 1681 us
91 1642 128 1682 ex
150 1623 265 1698 libelis,
292 1641 352 1681 non
380 1622 514 1698 improbe
536 1625 633 1681 totum
655 1625 836 1698 potestatem
863 1624 921 1683 sibi
943 1624 1110 1683 vindicabit

91 1711 227 1772 adfectus
246 1714 299 1787 qui
321 1712 422 1771 decem
444 1711 594 1773 mensibus
618 1714 687 1770 unte
706 1715 838 1771 vestram
858 1713 967 1788 incipit
985 1713 1109 1789 diligere

90 1802 245 1877 notitiam3
268 1803 386 1860 etcum
408 1819 463 1860 vos
485 1803 586 1876 patres
610 1800 753 1878 gaudium
775 1803 906 1877 primum
928 1802 1022 1861 faeiat
1041 1821 1109 1861 oon·

90 1890 198 1964 lorum,
221 1892 291 1948 ante
315 1891 584 1949 suntconscientie
600 1892 720 1949 matres
758 1891 873 1949 facinus
893 1894 938 1950 est
955 1891 1022 1950 ideo
1041 1893 1109 1950 tan-

90 1982 157 2038 tum
178 1979 240 2039 illis
263 1981 360 2038 minus
383 1980 486 2053 licere,
515 1981 586 2054 quia
608 1981 706 2038 minus
729 1981 826 2039 facere
850 1980 1009 2038 sufficiunt.
1055 2000 1108 2040 vos

49 2085 77 2126 so
91 2070 163 2128 eutis
182 2068 234 2144 qui
257 2070 419 2128 crescentes
437 2068 534 2128 adhuc
555 2071 588 2126 in
610 2069 873 2145 peregrinationes,
897 2071 949 2144 qui
970 2071 1033 2128 iam
1057 2070 1109 2128 ad·

90 2158 170 2216 altos
197 2159 230 2215 in
259 2160 357 2216 castra
386 2176 563 2234 magnorum
590 2161 749 2233 parentum
779 2160 915 2218 vanitate
945 2159 1106 2219 dimittitis.

90 2246 263 2307 erubescitis
282 2246 437 2306 desideriis
458 2248 615 2321 tamquam
632 2246 807 2306 infirmitate
831 2249 869 2321 et,
888 2247 966 2306 unde
985 2248 1107 2307 velocis-

90 2337 182 2395 simus
209 2338 354 2395 transitus
382 2338 427 2395 est
449 2337 481 2392 in
508 2337 651 2413 rigorem,
679 2335 789 2396 liberos
812 2337 904 2396 vultis
931 2356 1031 2396 amare
1053 2355 1106 2412 pa·

89 2426 207 2484 tientia
253 2443 344 2500 quam
371 2426 468 2483 multa
494 2424 562 2484 ideo
589 2426 709 2483 tantum
732 2425 769 2483 de
796 2425 866 2484 filiis
893 2425 1006 2499 facitis,
1035 2428 1107 2500 quia

47 2530 76 2570 aa
89 2515 174 2573 licet:
198 2515 229 2574 et
246 2514 431 2588 frequentius
449 2515 608 2588 potestatis
627 2515 743 2572 vestrae
761 2516 932 2588 iactatione,
951 2516 1107 2590 tamquam

90 2602 193 2678 aliquo
224 2604 384 2680 gravitatis
416 2622 523 2680 genere
554 2602 735 2678 delinquitis.
782 2622 842 2661 non
873 2602 964 2661 habet
993 2603 1107 2662 orbitas

163 2743 178 2791 1
198 2735 340 2803 abitione,
358 2736 388 2790 in
407 2736 471 2790 aliis
485 2737 524 2790 hi
538 2736 629 2791 obicio
648 2753 723 2806 supr.
739 2721 786 2811 1ιὶΙ
824 2737 1002 2790 innocentem
1021 2746 1053 2801 νβ

90 2842 189 2913 fingite
211 2861 244 2898 ea
262 2843 353 2913 fugite
371 2852 400 2897 n
470 2849 485 2896 1
508 2843 550 2897 ne
569 2852 602 2897 n
671 2849 687 2896 s
711 2843 824 2912 ecqua:
847 2807 969 2930 hqoquid
983 2853 1021 2910 a
1040 2843 1106 2898 hec-

88 2931 160 3002 quid
177 2941 226 3000 Vc,
245 2932 376 3001 equidem
390 2942 423 2986 M
475 2938 489 2986 '1
509 2932 674 2987 liberorum:
693 2948 725 2985 or
743 2933 775 2985 in
792 2949 847 2987 ros.
863 2941 901 2997 153
920 2931 1056 2987 librorum
1071 2942 1104 2999 1²,

88 3056 158 3094 corr.
171 3060 194 3100 ρ
263 3010 381 3093 iocosa
400 3048 433 3092 n
503 3043 535 3092 10
558 3038 626 3092 nee:
647 3039 671 3091 si
689 3048 716 3091 n
788 3044 821 3091 11
840 3039 898 3092 vna
916 3054 960 3092 res
980 3040 1106 3108 disponi-

89 3112 137 3165 tur
157 3119 180 3162 r
242 3110 368 3165 utilitate
387 3122 408 3163 o
472 3111 614 3180 sepcgsica
636 3119 658 3161 V
727 3115 760 3163 13
779 3110 931 3178 iungentur
947 3120 1023 3177 meg
1043 3110 1106 3163 iun-

88 3183 232 3251 guium
285 3187 317 3235 14
335 3181 379 3235 uti
396 3191 418 3233 V
464 3187 498 3235 15
516 3181 679 3235 vendicabit
695 3190 725 3248 Vq
744 3180 901 3235 vindicabis
916 3191 941 3234 s
987 3187 1105 3237 1811011-

89 3268 209 3343 scientia
226 3296 255 3342 Ι
276 3291 360 3359 (suqu.
381 3290 421 3358 o);
448 3288 558 3342 conscie
577 3297 619 3353 M,
642 3287 687 3342 vel
713 3286 884 3342 conscientia
908 3305 983 3357 capr.
1003 3309 1034 3340 m

91 3358 417 3414 1eminuelicerei11is
439 3368 462 3411 V
547 3363 583 3412 20
606 3359 750 3413 credentes
769 3371 790 3412 o
878 3364 910 3413 23
934 3359 1104 3440 patientiam

90 3467 250 3533 Ascensum
269 3466 397 3537 potentia
416 3468 471 3521 Bo.
533 3471 566 3519 25
585 3433 708 3519 iddtione
725 3475 754 3519 Β
813 3472 847 3520 26
866 3433 1014 3535 grevitetls
1033 3466 1103 3535 (vita

89 3539 248 3662 mitia&
305 3536 499 3607 derelinquitis
517 3545 546 3589 B
603 3536 843 3591 non—lacrimas
861 3538 893 3590 io
910 3553 964 3591 ras.
980 3545 1008 3588 B
1061 3552 1106 3588 or-

112 3626 123 3662 1
179 3625 192 3661 s
