2430 3952
362 200 597 256 DECLAMATIO
616 201 770 256 Ver-23.
1009 202 1072 266 109

59 373 207 447 quantum
234 371 329 444 volco,
360 370 515 429 effractum
542 389 701 444 carcerem,
730 373 834 447 ruptas
865 373 997 443 catenas3
1027 371 1073 429 vis

60 462 138 520 scire
160 458 231 535 quid
254 460 442 536 neglegentes
465 460 568 518 fecerit
587 478 762 535 securosque
784 458 919 535 piratas?
955 478 1073 534 accepe-

59 551 132 608 rant
152 549 283 624 pretium
306 548 438 606 duorum.

129 637 291 714 Intellegit,
313 637 436 710 iudices,
460 639 489 695 et
512 637 574 711 ipse
596 637 721 711 iuvenis,
743 658 804 696 non
823 656 934 696 essese
953 637 1074 696 calami·
1091 637 1127 692 22

17 728 174 788 ,statium
201 728 371 785 nostrarum
397 727 531 784 iustitiae
558 744 673 802 parem,
700 728 795 784 etsie
818 728 894 804 agit,
920 729 1076 802 tamquam

61 816 143 874 alere
171 834 231 874 non
257 814 370 873 debeat.
415 816 518 890 itaque
547 816 690 873 transfert
717 817 749 872 in
765 816 836 873 ‘hoc
867 815 1075 889 defensionem,

60 907 99 969 ut
121 921 207 980 posse
230 922 260 962 se
283 907 379 980 neget.
426 904 499 979 quid
523 903 630 978 (licitis,
652 902 784 962 iudices?
830 904 930 962 feretis
953 905 1008 968 hoc
1032 903 1076 962 di-

61 995 180 1053 centem
197 993 333 1052 iuvenem
348 1011 468 1068 corpore
489 996 578 1068 atque
597 995 696 1051 aetate
714 993 878 1051 robustum.
908 1012 967 1051 non
985 993 1076 1051 habes

63 1100 146 1158 opes,
169 1081 221 1140 sed
241 1081 382 1156 membra,
406 1082 457 1140 sed
475 1081 560 1143 vires
598 1101 668 1140 nam
685 1101 780 1156 neque
800 1101 855 1159 ego
873 1081 1005 1140 laborem
1023 1100 1077 1139 nec

17 1192 49 1233 ro
64 1170 202 1230 difficiles
229 1188 318 1246 posco
346 1174 483 1246 conatus,
506 1173 661 1230 contentus
689 1190 767 1246 sum,
789 1171 913 1245 iuvenis,
937 1172 971 1228 ut
993 1171 1076 1229 velis.

63 1259 146 1320 cibos
182 1279 228 1318 me
264 1278 384 1335 poscere
420 1258 529 1334 putas?
587 1259 723 1318 humeros
757 1260 863 1335 quibus
899 1259 1077 1334 incumbam,

62 1366 172 1408 manus
196 1366 269 1424 quas
292 1348 364 1407 eliso
385 1349 499 1423 pectori
521 1367 677 1425 apponam,
701 1349 791 1424 sinus,
815 1350 847 1406 in
866 1367 940 1424 quos
960 1367 1077 1426 egeram

64 1439 276 1498 exhaustarum
302 1438 444 1513 reliquias
472 1439 676 1511 lacrimarum,
708 1440 742 1495 ut
769 1439 907 1513 sepelias,
940 1440 974 1495 ut
1004 1436 1078 1494 haec

64 1545 135 1586 cum
160 1526 262 1585 miseri
288 1527 371 1584 illius
398 1526 536 1585 membris
560 1546 626 1586 ossa
650 1545 806 1601 conponas.
853 1545 912 1585 non
936 1527 1077 1584 alimenta

20 1635 50 1679 ra
65 1633 188 1693 quaero,
210 1615 261 1674 sed
284 1614 386 1673 filium.
433 1614 526 1690 quid?
551 1615 629 1692 quod
652 1635 689 1674 ne
713 1633 802 1694 grave
825 1615 1007 1692 longumque
1030 1633 1077 1672 su-

64 1724 198 1784 premae·
221 1706 344 1779 pietatis
382 1706 525 1782 exigimus
561 1702 712 1764 officium?
756 1723 815 1763 non
851 1703 903 1762 diu
939 1704 1078 1777 viverem,

65 1795 186 1853 etiamsi
207 1813 255 1852 me
279 1793 335 1853 duo
358 1795 528 1868 pasceretis.
571 1792 692 1852 'securus
716 1795 769 1868 sis,
791 1794 876 1851 brevi
898 1796 927 1851 te
952 1794 1078 1869 gemitus

64 1881 128 1943 mei
145 1882 323 1957 liberabunt,
337 1882 463 1941 assiduis
481 1883 650 1958 planctibus
670 1883 841 1941 everberata
859 1881 973 1942 vitalia.
1007 1880 1079 1956 quid

65 1992 115 2033 me
138 1971 266 2030 remittis
290 1971 328 2029 ad
351 1969 490 2029 turbam?
536 1970 608 2046 quid
631 1972 704 2030 facis
727 1989 828 2030 rursus
852 1970 987 2029 omnibus
1011 1989 1078 2047 gra·

23 2081 53 2122 so
65 2058 157 2122 vem?
193 2060 360 2135 consumpsi
378 2060 474 2135 fletur,
497 2060 685 2119 clementiam
704 2060 833 2119 civitatis
854 2061 982 2118 exhausi.
1019 2079 1079 2117 non

66 2151 127 2209 alit
157 2150 284 2225 populus
317 2148 467 2208 hominem
497 2169 584 2224 quem
613 2169 733 2224 pascere
765 2148 843 2208 filius
866 2149 960 2207 debet.
1007 2148 1079 2223 quid

66 2239 128 2299 sibi
150 2239 217 2296 vult
237 2238 309 2296 haec
333 2239 430 2296 aliena
454 2238 673 2297 calamitatibus
696 2240 815 2312 nostris,
839 2238 936 2296 aliena
959 2237 1079 2296 virtuti·

65 2328 124 2387 bus
155 2328 230 2402 turs,
262 2327 393 2402 iuveniS,
426 2325 592 2402 asperitas?
644 2327 794 2387 abstulisti
825 2327 899 2385 mihi
931 2327 1080 2384 malorum

67 2434 187 2493 quoque
210 2435 342 2475 meorum
364 2415 579 2474 verecundiam.
625 2416 767 2491 quicquid
789 2417 943 2489 faciebam,
968 2414 1079 2473 mendi-

23 2508 146 2569 sr'citas
174 2508 231 2580 est,
260 2523 295 2562 ex
318 2524 375 2580 quo
402 2523 537 2564 reversus
565 2523 604 2564 es.
650 2505 738 2563 durat
764 2507 796 2563 in
819 2510 954 2579 suscepto
982 2505 1079 2580 rigore

66 2595 187 2654 iuvenis
219 2596 249 2652 et
282 2594 319 2652 ad
350 2593 583 2652 misericordiam
610 2613 670 2652 non
701 2595 844 2653 memoria
875 2593 991 2666 fratris,
1021 2611 1081 2651 nou

66 2684 166 2765 patris
189 2683 438 2757 contemplatione
462 2682 634 2742 deflectitur.

137 2773 325 2831 Exclamaret
347 2773 425 2831 alius
446 2772 502 2830 hoc
524 2772 603 2831 loco:
626 2791 661 2829 ex
683 2774 737 2830 tua
759 2771 816 2830 fide
836 2771 941 2847 dignus
961 2770 1080 2846 quidem
1096 2769 1133 2825 23

69 2879 150 2936 eras,
182 2861 429 2936 impotentissime
457 2862 570 2938 generis
598 2861 734 2935 humani,
762 2878 849 2935 quem
876 2861 907 2917 in
932 2862 1081 2918 tormenta

26 2969 139 3015 semea
165 2950 353 3025 doloremque
380 2949 551 3008 redeuntem
578 2949 676 3008 vincla
702 2966 803 3008 rursus
832 2967 866 3007 ac
893 2968 988 3024 poena
1018 2968 1081 3007 car-

69 3039 146 3101 ceris
169 3039 324 3116 exciperet.
365 3042 395 3097 et
417 3039 541 3097 insultes
563 3039 633 3096 huic
656 3038 832 3097 confessioni
855 3039 934 3113 licet,
957 3038 1081 3115 alligare

70 3147 131 3189 non
154 3145 283 3204 possum.
321 3127 394 3204 quid
411 3126 484 3186 inihi
502 3129 624 3186 miseras
642 3129 780 3203 ultiones,
804 3127 876 3203 quid
894 3127 981 3186 triste
998 3146 1080 3184 mon-

70 3241 285 3252 .-——--—-

144 3303 235 3351 4esse
249 3313 290 3352 se:
305 3299 460 3352 assentur
509 3296 701 3351 calamitatum
714 3307 768 3362 vec
819 3301 851 3350 10
867 3298 1042 3365 contemptus
1056 3305 1083 3348 Β

68 3374 106 3424 11
125 3369 266 3424 humeros:
285 3386 415 3424 numeros
434 3383 449 3434 c
494 3375 559 3438 post
575 3369 704 3422 humeros
723 3369 787 3422 add.
802 3381 916 3437 poscoc
966 3373 998 3420 13
1017 3367 1081 3420 reli-

70 3440 140 3511 quia
154 3450 176 3493 V
221 3446 255 3494 14
272 3457 337 3495 ossa
350 3450 462 3510 scptu
511 3446 544 3495 17
558 3440 689 3494 brevite:
705 3439 840 3493 brevitate
854 3449 876 3492 V
921 3443 955 3492 20
973 3438 1083 3492 exausit

70 3513 253 3581 abactam
298 3512 506 3581 23aperitasV
544 3517 577 3564 25
593 3527 638 3564 ex:
654 3512 736 3565 seda
779 3510 913 3564 emestc
956 3511 1083 3563 28tuam

71 3583 157 3639 fidem
179 3593 201 3636 V
268 3589 301 3638 32
319 3583 390 3638 mihi
408 3585 449 3639 bis
466 3593 494 3637 Β
563 3584 725 3637 monstrasti
744 3591 782 3651 M,
800 3581 846 3636 vel
862 3581 901 3635 tis
920 3597 1046 3650 sarpam
1071 3628 1148 3734 n
