2430 3952
353 207 590 265 Dactsmlo
607 207 686 263 XVII
699 214 777 264 6-8,
1010 209 1087 275 307,

60 381 225 440 auotoritas
247 381 300 455 qni
326 377 422 438 filium
444 379 577 440 occidere
599 379 714 438 vocatis
741 379 916 454 plerumque
944 381 1076 458 gratim

59 473 122 529 tem
148 470 228 529 sicut
253 467 450 528 abdicationis
478 468 727 542 emendationem,
759 469 838 528 sicut
863 468 980 544 reliqua
1007 488 1075 545 sup·

59 559 152 635 plicia
177 560 288 618 nostra
306 557 433 616 rationis
461 558 560 617 fronte
588 557 747 634 protegitis
780 560 959 633 cunctosque
989 577 1076 633 prae-

59 647 176 725 rigidae
198 648 307 706 mentis
330 645 464 706 adfectus
481 646 628 706 vocabulo
645 636 782 705 molliore
805 645 914 706 lenitis.
949 665 1004 706 nos
1022 666 1076 707 nec

30 737 161 800 sfelices
183 737 299 795 facinus
321 735 403 795 istud
428 753 584 812 possumus
608 735 761 810 concipere
784 754 837 794 nec
860 737 970 795 miseri.
1015 756 1076 795 non

60 825 239 904 perveniunt
265 824 304 884 ad
330 825 414 884 nefas
441 824 525 885 istud
550 842 605 884 nec
632 826 830 884 necessitates.
877 823 972 883 omnis
1000 826 1076 885 citra

60 915 298 990 desperationem
315 913 408 988 dolor,
421 915 468 973 ira
485 914 659 992 languescit
694 915 724 972 et
738 917 851 988 quanto
870 913 913 972 dii
933 913 1075 989 deaeque!

60 1003 223 1078 difficilius,
245 1004 273 1062 si
294 1006 416 1079 paretur
438 1005 501 1062 sine
520 1003 647 1078 conscio,
668 1003 732 1062 sine
749 1002 898 1078 ministro,
919 1005 1076 1079 totumque

58 1094 176 1153 facinus
198 1095 229 1152 et
250 1094 383 1151 animum
404 1091 461 1151 filii
482 1094 588 1168 poscat
610 1094 640 1149 et
662 1090 789 1150 manus?
823 1094 973 1151 memento
991 1095 1075 1153 cuius

15 1206 46 1245 ιο
60 1182 174 1242 obicias
195 1180 393 1241 immanitatis
415 1181 577 1256 horrorem,
599 1184 716 1257 patrem
734 1180 867 1241 occidere
885 1181 970 1240 velle.
1006 1181 1076 1241 hinc

59 1275 180 1331 tantum
202 1271 313 1347 accipis
336 1272 423 1346 vires,
446 1274 482 1330 ut
503 1272 581 1329 mori
602 1271 699 1345 possis
722 1269 928 1345 deprehensus,

127 1354 182 1419 ‘Vt
203 1354 330 1434 sciatis,
350 1359 460 1435 inquit,
482 1353 598 1419 ‘verum
622 1377 684 1418 esse
707 1359 786 1434 quod
809 1358 914 1434 obicio,
939 1363 969 1417 et
992 1360 1075 1419 abdi·

59 1468 127 1510 care
146 1444 248 1508 volui?
286 1467 346 1507 non
363 1451 472 1524 potest,
493 1451 588 1524 pater,
611 1447 727 1506 efficere
749 1448 916 1523 pertinacia
933 1449 1076 1524 querendi

59 1542 152 1616 genus
175 1537 369 1613 probab‘onis.
414 1540 464 1612 tu,
491 1556 559 1596 cum
581 1535 668 1597 dicis:
697 1532 789 1597 ‘filius
811 1538 978 1597 mavoluit
1000 1541 1076 1598 occi·

15 1649 45 1692 rs
60 1623 152 1702 dere',
171 1627 285 1686 uideris
307 1625 366 1687 tibi
387 1627 484 1686 facere
506 1624 656 1702 prioribus
678 1625 825 1685 iudicibus
848 1626 1001 1702 invidiam,
1027 1645 1076 1685 ex·

60 1718 203 1776 clamare:
221 1710 286 1776 ‘vos
304 1715 417 1790 faciles,
434 1733 487 1776 vos
505 1714 708 1775 misericordes
725 1715 805 1773 hunc
826 1716 901 1774 mihi
918 1711 1074 1775 redditis?

128 1804 186 1864 Sed
212 1804 432 1881 iniquissimum
460 1807 517 1879 est,
549 1807 584 1863 ut
616 1803 765 1862 abdicatio
792 1823 869 1881 quae
891 1804 1000 1863 necin
1027 1807 1109 1870 suis

59 1895 158 1954 valuit
179 1893 330 1968 effectum,
356 1893 445 1953 fidem
467 1896 574 1952 maiori
597 1893 715 1952 crimini
740 1895 879 1968 praestet.
924 1912 985 1953 non
1007 1911 1074 1955 sum

58 2001 127 2042 reus
154 1983 335 2059 inexplorati
360 1983 497 2059 pudoris,
524 2001 579 2042 nec
607 1985 676 2042 ante
705 1984 773 2041 acta
799 1984 881 2042 vitae
908 2000 992 2042 meae
1020 1983 1074 2043 sub

14 2095 45 2137 so
58 2072 204 2132 hodierna
228 2074 359 2148 primum
386 2072 439 2131 lite
465 2073 642 2131 tractantur.
687 2072 805 2130 felicior
832 2073 1003 2133 innocentia
1029 2076 1076 2132 est

59 2164 136 2222 citra
158 2163 354 2239 suspiciones,
382 2162 492 2221 certior
513 2163 582 2237 post
603 2163 728 2220 reatum.
775 2163 806 2219 et
828 2163 973 2237 quantum
997 2163 1075 2220 infa-

58 2252 137 2310 miae
159 2252 315 2326 praestant
336 2249 466 2325 obiecta,
493 2251 564 2328 dum
591 2252 713 2325 nutant,
741 2250 917 2309 tantundem
945 2251 1074 2311 auotori-

58 2340 133 2399 tatis
155 2339 293 2399 absoluta
314 2340 485 2399 restituunt
531 2359 570 2398 an
593 2339 706 2399 scilicet
728 2343 885 2415 superatus
908 2343 955 2400 est
975 2341 1074 2418 gratia

59 2431 160 2506 pater,
187 2430 218 2487 et
240 2428 321 2504 apud
342 2446 426 2488 senes
454 2431 484 2488 et
510 2427 592 2504 apud
617 2430 757 2505 parentes
784 2430 963 2489 auctoritate
988 2447 1073 2505 prae·

12 2515 164 2582 revalui?
182 2517 329 2576 riserat
346 2520 398 2593 qui
421 2517 643 2577 calamitatibus
666 2519 726 2576 suis
749 2519 793 2576 sic
814 2516 1017 2592 blandiuntur,
1039 2520 1074 2576 ut
1190 2585 1193 2591 Δ

59 2605 118 2666 sibi
136 2606 266 2666 adfuisse
285 2605 407 2666 credant
424 2607 667 2681 misericordiam,
689 2607 832 2680 fauorem,
854 2605 933 2665 filius
952 2608 1074 2681 epatre

58 2696 177 2754 delatus
204 2713 358 2772 nunquam
384 2695 497 2772 poterit
523 2696 657 2772 superior
685 2713 747 2754 esse
779 2697 839 2754 nisi
861 2712 958 2753 causa.
1003 2713 1074 2754 sane

57 2789 160 2846 tamen
181 2785 321 2860 feramus,
343 2788 378 2844 ut
399 2786 498 2861 prima
520 2782 706 2844 abdicatione
729 2803 789 2843 non
812 2785 953 2860 egesseris
976 2786 1074 2843 totum

58 2875 204 2949 dolorem,
230 2874 329 2934 multa
355 2873 412 2932 tibi
439 2874 475 2932 de
502 2873 674 2933 criminibus
701 2872 775 2933 meis
799 2872 976 2932 verecundia
1004 2892 1073 2949 que·

129 3079 359 3135 tabdicationes
380 3078 429 3135 Gr.
502 3077 654 3134 tmehore
672 3086 705 3133 Β
766 3077 885 3132 boitro:
906 3079 1005 3132 contra
1024 3078 1072 3134 Gr.

59 3186 190 3257 rnngus
167 3167 230 3242 ecit
245 3195 274 3240 Β
335 3187 376 3240 et:
391 3184 463 3269 91»
499 3167 641 3239 8consci⁰
650 3195 680 3238 Β
731 3184 842 3239 conscio
857 3184 929 3238 since:
946 3185 1073 3239 conscisi

56 3275 94 3312 ne
107 3267 129 3309 V
138 3205 309 3313 gunrnistroll
358 3261 391 3311 10
405 3257 501 3312 occide
516 3266 537 3308 V
583 3261 616 3310 11
632 3255 864 3326 deprehensissB
912 3261 946 3309 18
959 3255 1075 3310 nolui?

58 3335 93 3384 16
111 3327 197 3384 facile
215 3345 279 3383 snos
297 3337 335 3396 Μ,
354 3345 422 3384 corr.
436 3349 468 3381 ιι
530 3333 563 3382 18
582 3327 706 3381 criminis
725 3337 746 3379 V
814 3331 848 3381 20
865 3326 1074 3381 innocentiore

57 3460 93 3510 21
112 3453 187 3507 circa
214 3469 247 3506 su
281 3446 430 3508 icionesV
525 3459 557 3506 22
581 3454 728 3522 praestans
746 3460 785 3521 153
807 3421 954 3522 praestafit
977 3453 1073 3521 (ntia

55 3527 172 3596 ras)1
266 3541 316 3579 um
333 3526 448 3579 nutant:
424 3524 607 3578 tdamnato
628 3523 675 3579 Gr.
748 3525 853 3578 nutunt
870 3533 898 3578 Β
977 3524 1073 3576 aucto-

54 3598 128 3654 ritas
147 3592 278 3653 absoluto
297 3595 345 3653 Or.
401 3601 435 3650 24
455 3595 652 3650 auctoritatem
670 3604 697 3649 Β
755 3600 789 3649 28
807 3608 902 3649 nonne
919 3592 1079 3661 gessonas

873 3680 931 3734 ab*
