2430 3952
27 269 33 279 ,
132 186 198 271 336
424 202 853 259 msnmsrunnresnn

593 512 686 585 XIX.

341 670 544 746 INFAMIS
570 670 626 745 IN
653 670 861 745 MATREM
888 670 933 744 ΙΙ.

130 869 243 930 Minas
262 887 486 931 sauonmsouns
502 888 549 929 sm
563 888 665 929 nonio.
699 869 871 946 Speciosum
884 869 979 928 filium
993 868 1149 945 infamem,

174 963 319 1036 tanquam
348 960 494 1019 incestum
523 977 590 1017 cum
619 962 714 1019 matre
744 959 942 1018 committeret
971 961 1004 1017 in
1031 963 1150 1019 secreta

175 1047 279 1109 domus
301 1051 387 1126 parte
409 1051 496 1124 pater
513 1048 603 1108 torsit
625 1050 656 1107 et
678 1047 786 1107 oceidit
807 1049 840 1106 in
862 1050 1027 1122 tormentis,
1050 1049 1147 1107 inter·
1177 1058 1211 1111 s'

174 1141 263 1216 rogat
285 1139 371 1197 illum
389 1140 486 1197 mater
505 1137 577 1213 quid
595 1157 630 1196 ex
648 1139 754 1196 iuvene
772 1137 956 1213 compererit.
993 1137 1148 1196 nolentem

176 1227 273 1288 dicere
295 1228 393 1286 malae
415 1226 603 1286 tractationis
627 1230 756 1286 accusat.

97 1428 113 1483 1
200 1422 371 1482 Debebatur
393 1422 512 1499 quidem
534 1424 723 1482 tristissimae
746 1421 884 1482 orbitatis
901 1422 1010 1482 misero
1027 1421 1149 1497 pudori,

132 1514 166 1570 ut
187 1513 250 1571 iam
275 1514 441 1571 taceremus
464 1530 578 1584 omnes,
607 1513 727 1586 etpost
749 1514 813 1570 tam
836 1511 1023 1588 prodigiosas
1045 1529 1149 1570 rerum

132 1619 360 1676 sermonumque
388 1602 536 1660 novitates
565 1603 751 1675 oportuerat,
778 1601 834 1659 hoc
861 1618 923 1659 esse
950 1601 1148 1660 novissimum
1165 1623 1192 1664 ra

132 1690 168 1748 de
194 1690 282 1750 malis
309 1690 530 1750 infelicissimae
557 1690 662 1749 domus
695 1689 774 1764 quod
806 1689 900 1747 occidi
928 1688 1024 1747 filium
1050 1691 1148 1765 pstor.

133 1779 184 1837 sed
202 1781 344 1854 quoniam
362 1779 469 1837 mulier
487 1778 629 1838 inmodici
647 1797 763 1854 semper
781 1778 914 1837 adfectus
933 1796 1021 1852 super
1039 1781 1150 1838 cuncta

133 1887 208 1943 quae
231 1869 280 1927 vel
301 1885 406 1943 passus
428 1887 495 1926 sum
516 1868 607 1944 paulo
630 1870 713 1941 ante,
736 1868 784 1926 vel
806 1866 876 1942 feci,
902 1869 1003 1926 rectus
1026 1887 1149 1943 quoque

132 1977 178 2015 me
202 1956 303 2016 dolore
326 1957 480 2030 concussit,
503 1955 571 2015 veni
594 1956 742 2032 petiturus
766 1974 785 2014 a
805 1956 898 2030 vobis,
921 1976 958 2014 ne
981 1975 1028 2014 me
1052 1957 1147 2016 scien-

131 2049 193 2104 tem
224 2045 377 2104 silentium
406 2045 590 2105 contentioni
621 2048 773 2120 praestare
803 2045 937 2104 credatis.
983 2064 1042 2104 non
1073 2048 1149 2121 quia
1165 2068 1192 2108 rs

14 2134 18 2141 '
132 2133 227 2192 occidi
248 2133 344 2191 filium
367 2135 464 2207 taceo,
492 2133 543 2192 sed
566 2135 678 2192 occisus
703 2137 756 2208 est,
780 2137 814 2192 ut
835 2136 972 2192 tacerem.
1018 2136 1149 2210 utinam,

131 2221 252 2298 iudices,
275 2241 384 2300 negare
407 2241 524 2299 possem
547 2223 626 2297 quod
645 2223 748 2297 occidi,
770 2222 886 2281 utinam
904 2226 1002 2282 totum
1020 2222 1149 2284 miserae

131 2410 226 2464 tiliani
244 2410 316 2463 bene
333 2409 448 2463 infamis
467 2410 497 2462 in
515 2412 634 2463 matrem
652 2409 775 2479 explicit.
813 2409 916 2478 Incipit
934 2410 1060 2463 eiusdem
1078 2425 1149 2479 pars

132 2482 222 2536 altera
240 2484 322 2551 pater
341 2481 382 2535 ait
401 2482 472 2552 (agit
491 2484 519 2550 s)
540 2497 654 2535 oausam
673 2495 687 2546 s

204 2590 336 2644 mitulus
355 2589 426 2642 deest
443 2589 474 2640 ia
490 2596 518 2640 B
570 2553 764 2641 3⁸p⁶⁰i⁰sum
779 2596 807 2640 B
860 2590 976 2656 tpater
994 2591 1075 2656 parte
1096 2603 1150 2644 om.

132 2670 170 2729 M,
187 2679 263 2730 supr.
277 2682 309 2713 ιιι
364 2666 379 2713 6
399 2659 576 2727 compererit:
596 2659 607 2712 i
625 2677 659 2714 ca
675 2668 731 2712 eB
781 2665 846 2727 post
863 2661 977 2712 accusat
994 2666 1152 2727 sequuntur

131 2733 213 2788 cerba
236 2731 546 2786 debebatur-misero
565 2732 582 2784 t.
602 2735 630 2798 8,
658 2737 715 2784 tum
742 2730 840 2783 BENE
866 2729 1023 2783 INFAMIS.
1051 2730 1151 2786 PARS

132 2802 278 2856 ALTERA
296 2805 383 2857 minio
397 2804 491 2870 μω,-
520 2819 567 2856 cm
580 2818 652 2856 croco
665 2803 697 2854 io
716 2803 804 2868 tinem
821 2801 923 2871 pudori
936 2819 990 2870 sqq.
1010 2810 1031 2853 V
1063 2817 1151 2856 accu-

133 2892 184 2945 sas.
222 2891 323 2944 snei.
343 2879 425 2945 nno.
445 2879 515 2945 icis
534 2879 593 2943 nin
610 2870 653 2942 ΒΘ
672 2890 741 2944 esee
759 2890 807 2942 Rs
823 2889 895 2954 ovo
914 2890 1032 2944 susan
1050 2891 1150 2947 meets.

578 3012 1152 3142 cnr

133 3157 201 3227 quia
214 3158 320 3213 iudices
334 3157 425 3213 multa
439 3159 520 3228 signa
537 3130 733 3227 procetserlmt
748 3129 888 3226 pisdorum
901 3158 979 3226 (corr.
990 3159 1030 3227 ιιι)
1044 3160 1078 3211 ut
1090 3128 1151 3228 ειη).

133 3238 171 3297 M,
185 3230 216 3283 ia
234 3247 319 3299 marp.
339 3230 402 3284 add.
423 3232 535 3284 initium
553 3229 678 3283 sollemne
691 3251 723 3282 ιιι
793 3229 933 3297 pudorum
946 3238 980 3295 B,
999 3246 1067 3284 corr.
1083 3240 1102 3281 o

133 3305 339 3355 9maceremus
358 3310 417 3354 ΒΜ
496 3310 707 3355 omnesones!
786 3305 819 3354 10
839 3316 893 3368 que
912 3302 943 3354 ic
960 3317 1015 3354 ras.
1035 3300 1102 3354 add.
1117 3323 1152 3355 ιιι

134 3375 166 3425 11
186 3371 285 3425 damus
303 3381 359 3440 BV,
379 3389 446 3427 corr.
461 3381 489 3425 B
561 3378 594 3425 13
617 3371 673 3425 feci
691 3370 730 3425 fel
748 3372 795 3426 sed
813 3378 916 3440 transp.
937 3373 1035 3426 omaso
1053 3371 1100 3426 vel
1118 3382 1152 3440 νς

131 3440 178 3496 vel
194 3460 246 3497 om.
261 3455 282 3496 u
358 3449 392 3497 14
415 3443 511 3498 dolore
529 3459 573 3496 me
592 3452 644 3497 Mc*
713 3443 799 3496 cussit
816 3452 856 3508 133
880 3442 1018 3511 percussit
1037 3451 1080 3508 Μ,
1104 3444 1153 3498 vel

133 3529 197 3567 cum
216 3514 303 3568 cussit
320 3535 352 3566 m
425 3520 458 3568 16
478 3513 704 3568 sed-tacerem
722 3514 763 3569 bis
782 3523 814 3579 P,
834 3512 883 3568 del.
898 3535 919 3574 p
986 3518 1019 3566 17
1038 3513 1152 3570 iudices

131 3600 237 3654 negare
255 3586 313 3657 (sed
329 3589 445 3656 consp.)
464 3601 568 3656 negare
586 3594 608 3637 v
657 3585 789 3639 miserere
807 3594 828 3637 V
877 3584 996 3639 miserae
1012 3586 1106 3640 totum
1120 3596 1156 3640 Ι
