2430 3952
395 202 699 258 DECLAMATIONES
717 203 889 258 xv-xvn.
1081 207 1147 270 385

137 369 228 430 felix?
270 390 322 429 cur
338 371 486 430 redditam
504 373 592 431 modo
612 375 771 453 sanitatem
784 376 882 450 rigore
899 375 1009 433 nimiae
1028 376 1148 437 contan-

136 462 228 519 tionis
252 458 426 536 exasperas?
466 462 619 536 praedico,
641 463 749 536 testor,
772 464 919 522 consumis
943 463 1052 537 odium,
1074 483 1147 522 non-

137 549 208 607 dum
230 551 326 607 totam
349 553 477 608 mentem
504 553 549 610 vis
571 551 692 626 perfusa
713 550 852 626 possedit.
899 551 994 610 adhuc
1017 554 1095 611 cirea
1117 556 1147 611 te

136 639 194 696 duo
218 641 340 696 maximi
362 641 497 697 rixantur
520 640 649 699 affectus.
696 639 806 699 adiuva
827 642 940 719 potius,
964 641 1074 700 adiuva
1095 660 1147 717 po-

109 729 257 802 stionem,
279 727 372 786 donec
395 730 507 787 sanitas
529 731 627 787 totum
650 732 799 804 conponat
823 731 980 788 hominem.
1026 734 1147 789 sanatus

136 835 180 890 es,
211 817 318 891 quodsi
348 820 451 875 contra
480 818 638 876 sanitatem
672 819 718 877 vis
751 818 868 876 luctari.
913 821 1060 894 imprecor
1091 819 1147 877 tibi

135 906 268 965 universi
285 925 432 965 summam
450 906 523 964 mali
541 925 631 982 quam
651 906 777 982 quaeris.
822 927 936 982 pauper
954 909 994 968 sis
1014 910 1044 966 et
1067 927 1146 967 ames

135 1014 351 1070 quamcumque
374 998 558 1054 meretricem
581 999 611 1054 et
634 1015 733 1055 amare
757 1015 815 1054 non
840 996 964 1055 desinas,

601 1191 679 1250 xvi.

95 1335 141 1387 ιο,
201 1315 341 1372 Initium:
364 1315 471 1389 udaie,
493 1315 618 1388 iudices,
640 1315 1027 1391 perplexitatemmiseriae
1050 1336 1145 1376 meae:

135 1421 251 1462 necesse
275 1405 320 1462 est
345 1405 398 1461 aut
423 1405 552 1462 amicum
577 1403 743 1479 relinquere
765 1407 818 1463 aut
834 1407 970 1465 matrem.
1016 1408 1147 1464 succurri

134 1511 193 1551 non
216 1494 315 1567 potest
338 1492 464 1567 duobuS,
493 1495 617 1568 paratus
646 1496 747 1551 tamen
775 1512 841 1552 sum
869 1493 983 1554 duobus
1005 1495 1146 1569 impendi.

135 1582 249 1640 excedit
271 1599 388 1639 omnem
411 1586 459 1642 eto.
484 1573 624 1662 (μ291,
645 1573 709 1661 10).

195 1689 228 1743 p.
242 1672 318 1738 293,
335 1673 376 1728 14
389 1689 444 1746 pro
458 1671 630 1730 visitatione
644 1673 748 1730 matris
765 1689 847 1729 meae
862 1670 1008 1748 obligavit
1021 1689 1052 1730 se
1065 1673 1146 1730 iuve-

95 1780 120 1818 15
135 1761 181 1818 nis
201 1761 321 1819 amicus.
359 1759 497 1834 deceptus
516 1777 556 1834 eS,
575 1779 592 1817 ο
611 1759 714 1834 amice,
733 1761 784 1834 qui
802 1779 848 1819 me
867 1760 994 1818 alterum
1012 1762 1042 1819 te
1060 1780 1146 1836 repu-

133 1848 232 1921 tabas,
263 1866 330 1906 cum
352 1865 445 1907 essem
473 1867 527 1925 ego
549 1848 673 1907 inferior
696 1849 775 1924 quod
796 1849 904 1924 probat
925 1868 1065 1908 recessus.
1112 1870 1146 1908 ex

133 1936 246 1996 duobus
276 1939 356 1995 enim
384 1938 480 2014 magis
511 1939 629 1996 amatur
658 1957 745 2013 quem
774 1939 919 2013 tyrannus
948 1941 1072 2013 paratus
1102 1943 1146 1997 est

133 2026 265 2103 alligare.
313 2045 331 2084 a
352 2028 457 2101 primis
481 2026 629 2085 aetatibus
657 2028 688 2084 in
712 2027 835 2085 eandem
865 2029 1028 2086 coieramus
1051 2030 1144 2086 vitam

132 2117 276 2191 tanquam
299 2134 350 2173 cor
371 2135 464 2174 unum
482 2117 513 2174 et
535 2118 635 2174 anima
653 2135 722 2190 una,
745 2135 860 2191 semper
879 2117 1027 2176 individui
1050 2118 1146 2176 fuera-

93 2224 120 2262 se
133 2223 207 2263 mus.
250 2206 395 2280 quantum
417 2204 483 2279 tibi,
507 2205 608 2280 amice,
632 2204 790 2264 debeo...

194 2312 227 2366 p.
245 2295 321 2362 297,
342 2297 360 2351 1
384 2313 461 2352 nunc
481 2294 565 2352 adest
582 2299 699 2370 tempus
717 2298 839 2371 propter
858 2294 937 2368 quod
956 2298 1145 2354 convenimus

132 2383 164 2438 in
187 2382 360 2456 amicitiam,
384 2402 451 2441 cum
474 2384 596 2441 advenit
619 2383 791 2442 adversitas

194 2488 227 2542 p.
245 2472 321 2539 298,
339 2473 382 2529 21
407 2491 423 2530 o
448 2475 559 2546 quanto
588 2472 696 2530 affectu
724 2475 754 2530 et
777 2491 843 2531 oum
866 2473 997 2530 lacrimis
1027 2475 1146 2550 rogavit

132 2562 294 2634 tyrannum
318 2559 442 2634 amicus,
465 2562 500 2618 ut
522 2579 569 2618 me
591 2562 725 2619 mitteret
748 2560 786 2619 ad
808 2565 934 2619 matrem
957 2564 987 2619 et
1009 2561 1074 2637 ipso
1098 2561 1145 2619 die

92 2668 118 2707 as
133 2647 293 2726 assignate,
317 2649 375 2706 nisi
392 2648 528 2723 redirem,
550 2651 671 2725 pararet
687 2649 823 2726 iugulum
842 2651 873 2707 et
889 2650 1011 2708 interim
1028 2652 1061 2707 in
1080 2653 1144 2708 arto

52 2789 66 2813 ,
133 2755 248 2796 carcere
266 2736 443 2794 truderetur.
481 2756 608 2812 equare
627 2735 716 2796 veni?
751 2730 1143 2819 testorctc.(p.299,12).

193 2845 226 2899 p.
245 2827 320 2894 299,
339 2828 383 2884 20
401 2825 560 2884 mirabitur
578 2827 682 2885 catena
700 2827 822 2902 tyranni
840 2845 916 2901 quae
936 2827 1016 2884 ultra
1034 2831 1144 2886 mortes

133 2919 163 2973 et
185 2916 281 2974 maria
303 2934 333 2974 se
357 2914 497 2973 extendit.

592 3109 686 3168 XVII.

92 3254 119 3293 eo
194 3252 227 3306 p.
247 3237 360 3308 304,9
387 3254 512 3310 cumque
541 3236 572 3293 in
605 3234 708 3293 abdita
739 3237 824 3310 parte
858 3234 962 3294 domus
991 3237 1143 3310 potionem

132 3326 236 3381 mortis
258 3342 402 3399 pararem,
426 3325 531 3383 anxius
555 3324 651 3382 adhuc
674 3324 789 3383 animus
813 3326 950 3400 exparte
973 3343 1033 3382 una
1054 3324 1143 3384 liber-

132 3414 226 3470 tatem
249 3430 334 3471 suam
356 3417 463 3488 optans
489 3412 520 3470 in
546 3413 629 3471 brevi
651 3413 796 3488 futuram,
825 3433 859 3470 ex
882 3413 943 3471 alia
965 3417 1050 3488 parte
1074 3432 1143 3472 con-

205 3586 236 3634 31
257 3580 351 3634 animo
369 3590 401 3634 Μ

186 3681 344 3730 ernnrnraar
357 3689 559 3722 nnonaunnronaa
573 3682 607 3722 ed.
622 3681 757 3722 Lahnert.
954 3677 995 3722 ‘ab
