2430 3952
378 206 611 264 DECLAMATIO
630 208 669 263 IV
683 214 795 262 20-23.
1052 209 1094 274 87

84 397 316 455 responsumque
331 377 469 436 decernat
483 376 586 436 exitus
622 377 866 436 mathematicum
879 379 996 438 vincere
1015 380 1094 438 malo

85 487 176 544 quam
197 465 417 543 reprehendere.

152 555 230 626 Quid
252 574 330 614 nunc
353 573 454 632 agam,
477 554 508 612 P.
530 553 574 628 (i,
598 554 846 630 quemadmodum
868 576 915 614 me
938 558 985 614 vir
1007 558 1093 617 fortis

83 645 123 705 ad
148 662 263 722 preces,
292 643 541 720 quemadmodum
568 643 716 719 parricida
742 642 937 718 componam?
983 645 1093 704 dicam:

57 731 286 796 omiseremini?
331 733 441 792 dicam:
469 730 651 792 succurrite?
696 735 738 792 sio
765 735 866 810 rogari
891 736 994 793 contra
1016 754 1092 793 mor·

83 827 145 883 tem
172 823 255 884 solet.
301 841 378 882 novo
406 822 482 880 mihi
503 821 698 896 inauditoque
721 840 795 897 opus
823 824 867 882 est
890 822 1004 881 ambitu
1032 843 1093 881 ma-

82 912 189 972 lorum.
234 913 293 971 nisi
315 912 434 985 morior,
456 911 615 987 periclitor.
656 911 723 969 ideo
746 910 849 969 videor
871 929 974 971 causas
997 912 1093 971 reddi-

83 1001 174 1077 disse,
202 1003 236 1060 ut
263 1000 478 1060 contradiceret
504 1001 598 1075 pater.
644 1001 675 1058 et
702 1001 727 1059 si
749 1000 823 1059 bene
848 1002 919 1058 novi
945 1000 1093 1079 malignas

82 1091 359 1166 interpretationes,
388 1107 447 1148 non
477 1090 590 1147 exitum
619 1091 753 1164 captasse
784 1089 866 1147 dicar
894 1089 945 1148 sed
975 1108 1093 1150 excusa-

42 1181 204 1239 rotionem.
250 1178 395 1253 explicate
418 1197 472 1254 per
492 1177 581 1236 fidem
603 1179 704 1236 miseri
726 1177 848 1253 pudoris
872 1180 995 1253 aestum,
1018 1199 1092 1237 nun-

83 1287 175 1345 quam
196 1266 347 1327 videbitur
370 1268 445 1325 mori
467 1267 596 1326 voluisse
617 1266 775 1342 parricida,
799 1268 825 1326 si
847 1269 962 1326 vixerit.

149 1355 197 1415 Ad
215 1358 269 1415 tua
286 1374 364 1414 nunc
387 1373 483 1434 genua
505 1356 635 1433 ponigo,
658 1357 770 1431 optime
791 1358 886 1431 pater,
908 1357 971 1431 has,
995 1358 1020 1416 si
1038 1359 1093 1432 vie,
1107 1353 1145 1409 22

81 1447 202 1505 tantum
228 1445 320 1504 fortes
345 1462 458 1504 manus.
504 1462 558 1520 per
580 1463 644 1522 ego,
667 1445 693 1504 si
715 1445 760 1504 fas
784 1447 837 1519 est,
863 1445 1004 1520 quioquid
1027 1447 1092 1520 feci,

10 1552 12 1558 ’
80 1554 136 1611 per
162 1536 239 1593 hanc
265 1534 363 1609 ipsam
389 1535 449 1592 mei
476 1534 645 1608 caritatem,
673 1552 733 1608 qua
757 1553 804 1592 me
830 1533 961 1592 nondum
988 1535 1092 1594 timere

41 1643 67 1684 rs
82 1625 216 1700 coepisti,
235 1624 382 1697 miserere,
400 1621 496 1681 fliium
513 1623 626 1697 pietate
644 1623 816 1697 pereuntem
834 1642 871 1681 ne
887 1623 961 1682 velie
980 1625 1092 1682 exitum

81 1713 179 1772 facere
201 1711 376 1788 parricidae.
412 1713 532 1787 praesta
554 1711 630 1768 mihi
650 1712 829 1786 patientiam
853 1730 911 1786 qua
933 1731 981 1770 me
1004 1712 1091 1771 modo

80 1800 160 1861 bello
189 1800 347 1860 credidisti.
394 1799 471 1879 finge
494 1819 548 1859 nos
576 1801 608 1857 in
635 1801 701 1874 ipso
728 1801 864 1875 prosperi
889 1800 994 1860 Martis
1018 1803 1091 1860 ceci-

81 1890 159 1951 disse
187 1891 332 1967 conplexu
364 1890 588 1964 confectumque
619 1891 735 1966 magnis
766 1889 937 1949 vulneribus
965 1890 1092 1949 cadaver

81 1978 201 2039 adferri.
237 1979 374 2054 relinquo
397 1978 455 2036 tibi
477 1997 531 2053 pro
554 1996 601 2035 me
624 1996 724 2037 omnes
749 1979 894 2053 parentes.
931 1979 1009 2038 hunc
1033 1999 1090 2054 quo

41 2088 69 2128 ro
82 2087 135 2128 nos
158 2069 286 2127 retinere
306 2068 459 2142 voluisses,
482 2069 515 2124 in
537 2085 675 2142 suprema
692 2085 759 2125 mea
781 2068 910 2126 transfer
932 2068 1090 2143 adfectum,

80 2158 142 2217 tuis
164 2155 301 2215 manibus
324 2175 466 2232 compone
489 2173 607 2231 corpus,
631 2158 746 2215 exstrue
768 2175 869 2234 rogos,
892 2158 990 2215 funeri
1011 2160 1092 2217 iusta

79 2245 224 2322 persolve.
262 2245 367 2304 deinde
391 2263 458 2304 cum
484 2246 546 2302 iam
568 2246 737 2304 novissimis
761 2245 868 2305 osculis
896 2265 1090 2321 supremoque

79 2334 233 2395 discedens
256 2336 382 2394 satiatus
405 2335 497 2392 fireris
521 2333 666 2408 amplexu,
688 2337 759 2392 tunc
782 2335 880 2393 teias
904 2338 948 2394 est
966 2335 1090 2394 sublatis

80 2423 120 2482 ad
137 2425 253 2483 caelum
269 2422 407 2483 manibus
429 2423 626 2498 proclamare:
649 2423 868 2497 mathematice,
890 2426 1032 2483 mentitus
1051 2443 1089 2484 es.

39 2531 65 2573 se
146 2511 340 2571 Reddidimus
372 2530 488 2587 causae,
520 2512 687 2588 peregimus
718 2530 828 2588 preces.
881 2513 996 2587 reliqua
1028 2532 1090 2587 vos,
1105 2507 1143 2562 23

78 2619 199 2677 manus,
230 2618 283 2660 vos
315 2600 468 2675 adiuvate,
500 2601 586 2659 cives.
632 2619 692 2658 non
720 2604 768 2673 ut,
784 2601 874 2659 liceat
902 2600 977 2658 mihi
1005 2602 1088 2660 mori.

78 2691 151 2750 licet
173 2689 255 2750 istud
278 2691 381 2766 etiam,
408 2693 443 2749 ut
465 2691 587 2768 negetis.
632 2691 678 2748 vir
700 2689 787 2748 fortis
813 2689 983 2748 commendo
1006 2690 1089 2749 vobis

78 2780 194 2839 exitum
219 2797 331 2838 meum:
359 2779 385 2839 si
407 2797 466 2838 non
492 2779 631 2838 continuo
659 2778 749 2837 letale
771 2779 878 2836 vrilnus
905 2780 1089 2855 impressero,

77 2869 105 2928 si
127 2887 189 2928 non
207 2887 275 2927 cum
293 2868 436 2946 sanguine
457 2869 553 2927 totam
576 2868 707 2925 animam
729 2886 890 2942 properans
908 2869 984 2926 ictus
1008 2886 1088 2945 eges-

38 2976 65 3018 eo
78 2958 160 3032 serit,
186 2956 326 3016 adiuvate
349 2957 513 3032 dexteram,
541 2956 696 3032 deprimite
723 2957 818 3014 telum
840 2960 870 3015 et
893 2959 962 3014 ante
990 2958 1089 3015 omnia

78 3046 209 3106 detinete
230 3049 354 3122 patrem
391 3047 489 3105 nescio
508 3064 598 3121 quam
620 3045 708 3121 longe
731 3063 852 3104 manum
870 3063 1026 3120 sparsurus
1049 3047 1089 3105 sit

151 3204 165 3252 1
185 3213 240 3268 que
258 3215 308 3253 om.
324 3206 367 3264 ιι,
385 3213 460 3266 supr.
474 3217 506 3249 m
560 3196 700 3266 erogari:
720 3196 779 3250 iou
792 3212 808 3249 e
821 3197 959 3251 terena
1013 3202 1026 3249 7
1046 3214 1088 3251 re-

78 3268 153 3324 disse
175 3279 197 3322 v
265 3268 409 3392 Bpatris
476 3267 500 3320 ei
517 3277 640 3336 sapas!
697 3267 823 3351 maligna
840 3277 869 3320 B
940 3274 972 3323 12
992 3269 1015 3321 si
1034 3269 1087 3322 vis:

77 3356 144 3394 suna
162 3349 193 3408 νς
212 3340 248 3394 ad
263 3351 385 3395 sceuss
439 3344 472 3393 13
491 3354 595 3409 perago
610 3360 628 3391 α
692 3343 725 3392 20
743 3338 864 3393 voluisse
882 3348 903 3390 V
962 3345 995 3393 21
1015 3356 1088 3394 com·

76 3462 182 3517 ponere
198 3455 228 3500 Β
294 3462 378 3517 roges
396 3463 427 3513 ro
446 3445 551 3500 funeris
574 3455 595 3497 ν
663 3451 696 3499 22
716 3445 781 3501 dein
803 3456 825 3499 v
891 3451 926 3499 24
944 3427 973 3498 es
992 3456 1019 3498 ιι

78 3522 112 3574 25
130 3515 241 3587 reliqua
258 3527 300 3573 ιιι
318 3517 442 3588 reliquas
460 3518 560 3586 reliqui
631 3522 664 3569 2¹1
683 3518 792 3589 negetis
811 3534 844 3572 ea
862 3516 972 3586 negatis
990 3526 1019 3569 Β

76 3594 112 3644 28
129 3587 231 3644 vulnus
248 3606 299 3646 cm.
313 3598 342 3643 B
412 3593 445 3643 30
465 3590 494 3643 et
511 3604 562 3643 om.
577 3598 619 3656 M,
637 3605 712 3658 supr.
727 3612 758 3644 m
832 3594 866 3643 ai
884 3604 986 3656 quam.
1003 3588 1048 3655 qd)
1070 3597 1097 3640 ι·
