2430 3952
446 191 679 248 DECLAMATIO
698 191 712 248 I
731 198 807 249 1-3.
1110 193 1131 259 5

119 359 241 418 tellectu
272 360 304 417 in
336 358 486 419 diversum
519 364 620 420 coacto
653 363 782 421 occisum
813 381 849 421 eo
879 361 986 437 probet
1016 366 1132 437 patrem

120 447 200 524 quod
226 467 286 507 non
312 451 454 508 meruerit
481 449 583 510 occidi.
628 469 681 509 nos
709 469 779 510 vero
801 451 883 511 istud
909 483 946 491 —
972 452 999 511 si
1022 451 1133 510 crimen

118 537 233 614 putatis
256 569 300 579 -
324 539 519 615 agnoscimus.
559 540 674 598 iuvenis
696 540 746 599 hic
768 540 862 614 patris
886 542 932 598 sui
950 539 1032 599 heres
1052 540 1132 601 solus

120 630 172 687 est.
218 627 273 687 hoc
300 630 524 704 testamentum,
555 629 581 688 si
607 627 725 688 vivente
753 628 849 688 adhuc
875 630 1040 689 miserrimo
1063 647 1132 688 sene

93 719 224 776 anctum
247 733 310 774 osse
332 718 364 774 in
388 715 474 776 domo
497 717 606 792 potuit,
629 717 711 777 scitis
733 717 798 792 quis
817 717 864 775 illi
883 718 1017 777 debuerit
1034 720 1132 777 irasci.

120 824 191 863 nam
217 803 297 888 quod
323 805 453 865 invisum
480 806 570 865 fuisse
593 805 688 864 filium
710 807 792 883 patri
813 807 920 882 iactat,
948 808 1058 866 crimen
1080 825 1132 867 no·

120 912 224 953 vercae
248 896 321 969 erat,
345 895 371 953 si
394 894 607 954 confiteremur.
648 895 738 970 idque
760 895 882 972 probari
905 915 940 956 ex
961 896 1017 955 hoc
1036 897 1132 972 putat,

121 982 200 1058 quod
230 985 376 1042 secretum
409 1002 469 1042 non
498 984 577 1042 lilius
608 983 718 1061 accipit
747 1003 765 1043 a
796 988 882 1060 patre
911 983 963 1044 sed
996 986 1130 1046 caecitas.

120 1091 179 1147 quo
202 1073 268 1132 loco
291 1072 477 1131 dissimulare
500 1073 573 1133 satis
597 1073 703 1132 callide
726 1078 851 1133 conatur
871 1073 1017 1134 invidiam
1037 1092 1132 1133 suam.

80 1163 206 1236 sopater
233 1162 285 1236 qui
311 1161 407 1219 filium
430 1179 550 1221 caecum
571 1162 603 1220 in
626 1166 739 1222 semota
761 1162 918 1239 penatium
939 1165 1024 1238 parte
1048 1181 1132 1239 sepo-

119 1250 189 1325 suit,
208 1251 318 1326 eripuit
335 1268 477 1311 novercae
497 1251 590 1311 oculis
607 1252 800 1328 voluptatem.
841 1270 970 1326 namque
988 1253 1047 1310 ista
1065 1271 1133 1311 curn

118 1339 263 1399 invasisse
286 1358 397 1399 vacuos
418 1343 541 1414 penates
564 1340 728 1416 videretur,
758 1342 927 1416 compatri
949 1341 1045 1399 filium
1068 1360 1132 1400 cae·

120 1446 188 1486 oum
215 1429 271 1488 hoc
305 1447 367 1488 esse
401 1428 531 1487 crederet
561 1429 640 1503 quod
673 1429 845 1505 orbitatem,
877 1431 1059 1506 excogitavit
1087 1429 1133 1487 in·

120 1516 362 1594 dulgentissimus
390 1536 477 1576 senex
505 1517 753 1593 quemadmodum
779 1519 828 1578 hic
854 1520 945 1578 miser
972 1519 1051 1596 patri
1078 1535 1132 1576 suo

80 1628 106 1669 rs
119 1606 152 1664 in
177 1606 279 1664 eadem
301 1607 387 1665 domo
411 1610 501 1682 esset,
528 1625 671 1666 novercae
694 1609 726 1667 in
750 1608 822 1666 alia:
850 1608 965 1682 accepit
987 1610 1132 1666 secretum

121 1694 201 1770 quod
224 1698 288 1754 erat
310 1695 467 1771 petiturus.
513 1714 570 1771 quo
590 1697 629 1754 sit
648 1698 747 1755 animo
766 1697 843 1756 senis
862 1696 983 1770 factum,
1006 1697 1132 1772 potestis

120 1783 303 1861 interrogare
326 1787 546 1845 testamentum.
588 1804 683 1860 neque
707 1804 762 1863 ego
785 1787 994 1863 gravissimum
1016 1788 1132 1860 patrem

120 1890 258 1949 suprema
281 1892 335 1933 sua
356 1875 459 1933 iuveni
480 1876 607 1933 iactasse
626 1873 808 1949 crediderim,
830 1877 865 1933 ut
883 1874 1020 1934 heredem
1037 1873 1132 1932 filiurn

120 1961 268 2022 scriberet.
301 1981 361 2021 non
380 1965 424 2021 est
441 1981 488 2022 res
508 1982 584 2038 quae
601 1965 764 2039 inputetur.
796 1966 886 2022 istam
904 1965 1001 2040 magis
1015 1965 1134 2040 oportet
1163 2025 1166 2043 Ι,

80 2073 107 2114 ro
120 2051 169 2111 vel
197 2051 297 2126 aliquo
325 2052 435 2110 indicio
465 2053 514 2112 vel
541 2052 707 2128 suspicione
733 2053 873 2112 muliebri
900 2071 1008 2112 arcana
1030 2052 1133 2111 mariti
1154 2054 1164 2086 ³

121 2139 361 2216 deprehendisse,
391 2143 421 2199 et
450 2143 554 2200 statim
584 2141 719 2200 omnibus
748 2144 922 2217 nuptiarum
947 2143 1133 2201 renuntiasse

119 2229 303 2306 pignoribus,
339 2248 410 2288 nam
429 2249 496 2289 cnm
513 2233 635 2306 propter
651 2230 809 2307 pecuniam
823 2250 913 2306 ames,
930 2231 1010 2291 idem
1024 2229 1132 2292 amoris

120 2320 151 2377 ct
174 2319 238 2394 spei
259 2317 327 2378 finis
351 2322 403 2378 est.
595 2310 596 2313 ¹

186 2406 343 2467 Habuerat
365 2407 537 2467 adulescens
560 2407 694 2484 gladium
716 2408 748 2467 in
770 2407 906 2468 cubiculo
929 2427 984 2468 suo
1006 2427 1130 2484 semper,
1149 2407 1167 2462 3

79 2517 105 2558 ss
120 2495 183 2556 sive
206 2498 366 2571 antequam
388 2498 421 2555 in
443 2497 520 2555 hano
542 2497 694 2557 fortunam
715 2497 872 2573 incideret,
894 2500 1047 2574 paratum,
1070 2499 1131 2558 sive

110 2584 192 2664 ‘quia
210 2586 363 2645 caecitatis
381 2587 507 2645 miserae
525 2586 670 2646 solacium
689 2587 858 2646 esthabere
876 2606 940 2646 rem
957 2586 1130 2647 videntium.

120 2675 199 2734 certo
228 2693 382 2749 nunquam
411 2675 499 2734 illum
527 2678 614 2751 pater
641 2678 796 2751 timuerat,
825 2693 978 2751 nunquam
1005 2694 1132 2735 noverca

192 2849 225 2898 26
246 2842 347 2898 SERV
366 2844 434 2898 Aen.
455 2849 479 2910 3,
495 2849 560 2899 661.
578 2844 644 2899 hinc
664 2845 854 2910 Quintilianus
873 2845 958 2900 dixit.
976 2860 1133 2915 magnum

120 2915 306 2969 caecitatis
325 2914 488 2971 solatium
507 2915 700 2970 esthabere
718 2933 786 2971 rem
804 2916 962 2972 videntis.

192 3081 208 3129 ι
226 3075 329 3129 meruit
347 3084 412 3144 ΒΜ,
429 3077 545 3142 fortusse
561 3081 630 3132 recle
709 3076 734 3130 si
752 3093 826 3146 supr.
845 3087 867 3129 v
943 3083 960 3131 4
978 3076 1133 3131 miserrime

120 3182 229 3249 sineB,
244 3199 313 3238 corr.
328 3193 345 3235 o
413 3182 580 3237 dinvisum:
595 3183 687 3236 insum
705 3193 733 3236 Β
799 3148 911 3238 '1ch
978 3183 1088 3251 9quod
1106 3191 1135 3234 Β

122 3259 155 3307 10
178 3254 315 3323 seposuit
342 3256 479 3308 eiuras.
498 3264 526 3307 Β
605 3260 637 3308 15
662 3257 799 3309 secretum
822 3256 1014 3310 exsecratam
1032 3264 1064 3309 Β

122 3331 154 3378 16
173 3325 324 3393 petiturus:
343 3326 486 3394 periturus
500 3335 537 3392 M,
556 3341 624 3381 corr.
639 3346 671 3378 ιιι
721 3327 834 3386 animo}
816 3329 874 3397 (1
889 3326 1026 3381 oel2lc'tt.
1041 3326 1088 3395 er.)
1103 3333 1135 3378 Μ

123 3401 155 3448 19
170 3403 233 3464 post
251 3397 385 3452 scriberet
403 3403 495 3452 ειιιιιιι
495 3399 563 3452 tium
576 3397 667 3465 finiuit
681 3396 715 3451 F.
731 3398 843 3464 Becher,
860 3398 994 3464 Bursian,
1013 3412 1079 3452 αιιιι.
1095 3399 1132 3450 67

120 3504 271 3627 proeaap
325 3509 358 3558 ιι
378 3469 534 3558 icauna
587 3508 620 3556 ιι
640 3513 821 3570 cumcun,
839 3520 914 3573 supr
926 3525 958 3557 n·
1012 3507 1046 3557 ιι
1065 3501 1132 3557 ado-

133 3588 223 3627 lenens
