2430 3952
142 183 189 247 48
496 178 813 238 meminisses
911 267 917 273 ¹

144 351 286 428 spiritum
311 368 465 411 renascens
491 368 589 427 poena
614 354 776 427 torqueret.
819 370 928 428 parum
955 368 1057 411 sever-e
1080 352 1165 411 mili·

144 442 242 499 terem
270 439 461 500 mdeunlibus
493 440 648 517 suppliciis
680 440 870 517 disciplinam
902 442 1103 515 continemus,
1136 444 1165 501 si

146 529 266 588 hibuno
294 532 363 605 post
389 529 445 588 hoc
468 529 581 588 factum
603 524 705 607 (non)
726 529 800 588 bene
826 530 914 589 cessit
937 530 1017 606 quod
1044 531 1163 591 eminus

143 620 200 677 est
244 636 328 678 reum
352 637 425 696 erge
453 618 551 677 caedis
576 638 637 677 uon
664 617 843 677 infitiatione
864 611 1036 678 defendam.
1084 621 1163 694 vir0,

145 707 219 766 ferti
244 709 421 784 praesertim
443 709 474 766 et
494 709 660 781 innocenti,
686 708 762 765 nihil
789 708 887 766 facua
910 708 1054 767 ceu-uenit
1078 709 1164 784 qued
1189 729 1200 769 s

145 796 314 874 negandum
340 798 388 855 sit.
434 814 494 854 non
522 796 618 855 sbnuc
647 797 770 855 crimen:
797 797 888 855 imme
917 794 942 856 si
970 800 1162 858 assumeres

146 887 288 959 moerent,
310 887 374 962 ipse
396 900 571 944 narrassem.
610 885 720 944 cbicite
742 886 844 963 igitur,
864 885 928 960 sed,
951 888 986 944 uh
1005 882 1162 946 delatores

145 973 239 1048 docet„
259 976 367 1034 tetum.
413 970 694 1033 verecundissimum
716 976 796 1033 enim
818 975 946 1034 militem
968 975 1050 1051 apud
1073 994 1162 1036 sanc·

143 1062 276 1122 tissimus
289 1062 478 1138 imperatoris
493 1080 579 1122 aures
592 1064 689 1121 minus
704 1062 797 1138 pudet
810 1063 945 1122 eonfiteri
955 1081 1049 1139 quam
1063 1065 1162 1141 queri.

213 1151 360 1210 Parumne
387 1148 537 1211 dedecoris
565 1152 710 1226 subimus,
738 1153 816 1228 quod
848 1168 908 1210 nen
930 1152 970 1212 de
994 1153 1162 1214 honeribus
1177 1175 1201 1215 uc

146 1238 302 1298 fertissimi
324 1239 382 1298 riri
405 1239 578 1315 quaeritur?
602 1243 632 1299 et
654 1243 689 1300 ut
706 1241 878 1319 longissime
896 1244 968 1300 uota
985 1236 1162 1318 procedenti,

145 1347 209 1388 rem
229 1329 470 1388 honestissimam
491 1329 583 1389 sni-liti
604 1330 722 1404 fecisse,
744 1332 855 1406 inpune
877 1328 955 1389 erit?
998 1330 1164 1392 damnem

146 1420 238 1477 etiam
261 1421 292 1477 et
313 1417 490 1494 pudicitiam
506 1418 657 1494 supplicio
680 1419 799 1495 pendet.
836 1420 994 1478 conuenite
1017 1420 1163 1497 legiones,

141 1507 292 1566 intendite
319 1507 446 1582 animos,
473 1510 627 1568 contracta
653 1508 784 1584 undique
811 1508 932 1566 auxilia.
977 1510 1024 1566 lex
1048 1509 1163 1569 diuilsm

147 1598 265 1670 castris,
288 1615 342 1655 nec
364 1597 452 1672 pauci
471 1599 541 1656 sunt
563 1598 616 1673 qui
637 1597 693 1656 hcc
716 1596 812 1656 nolint
835 1597 936 1672 licere,
959 1597 1035 1655 illud
1052 1599 1161 1659 uelint.
1178 1619 1202 1660 ss

113 1685 130 1741 9
215 1685 283 1744 Non
304 1686 485 1744 mehercules
507 1703 628 1762 possum
651 1689 760 1760 tenere,
783 1703 841 1763 que
864 1688 962 1745 nunus
984 1685 1017 1744 iu
1035 1702 1163 1747 accusa-

145 1777 241 1834 torem
264 1775 349 1833 doler
369 1793 453 1833 meus
474 1778 621 1850 erumpet.
667 1776 739 1851 quid
762 1773 856 1835 dicis?
899 1778 948 1850 tu,
971 1777 998 1834 si
1019 1775 1162 1838 tribunus

143 1880 237 1936 esses,
267 1863 322 1922 hec
348 1861 489 1922 fecisses?
534 1865 559 1922 si
586 1863 671 1922 miles
699 1882 788 1938 esses,
818 1865 874 1923 hoe
901 1862 1042 1924 tulisses?
1089 1865 1162 1926 dete

145 1954 319 2028 praecepte,
345 1952 516 2028 componite
545 1952 740 2027 disciplinam.
785 1952 870 2012 miles
893 1954 949 2013 hae
972 1954 1162 2014 eontmelie

146 2058 301 2116 percussus
330 2042 384 2099 est.
428 2039 559 2118 indignis
586 2060 657 2100 vero
685 2041 805 2101 vocibus
833 2044 1053 2102 contaminatus
1081 2044 1163 2103 nihil
1177 2065 1202 2104 so

147 2129 276 2204 amphus
299 2128 382 2187 aliud
400 2148 491 2206 quam
513 2128 637 2189 renuet?
674 2133 704 2189 et
722 2130 788 2207 quis
806 2150 866 2190 non
884 2131 971 2190 illum
989 2131 1071 2190 ‘iuter
1088 2152 1161 2208 pre·

147 2219 277 2277 stitutos'
290 2216 409 2292 habeat,
432 2218 458 2277 si
481 2220 669 2294 commiserit,
692 2223 727 2278 ut
749 2222 845 2294 possit
862 2222 971 2279 iterum
986 2218 1162 2296 appellari?

145 2310 235 2384 neget
255 2309 367 2381 temen,
386 2309 421 2366 et
442 2307 587 2366 ultionem
607 2308 736 2366 iniuriae
754 2326 824 2367 suae
844 2309 969 2368 differat.
1006 2309 1051 2368 ita
1073 2313 1161 2386 puto,

145 2413 213 2456 eum
232 2395 378 2470 inluserit,
400 2395 521 2456 tribuno
540 2399 682 2474 queritur.
718 2396 845 2457 Inicitur
861 2416 976 2473 manus,
996 2401 1029 2456 et
1048 2398 1085 2457 cib
1104 2398 1161 2457 ad-

181 2503 412 2584 increscens:
433 2547 450 2584 a
468 2546 501 2585 aa
519 2549 533 2583 r
549 2541 578 2584 Β
649 2532 877 2586 iredeuntibus:
899 2533 974 2587 sivla
990 2548 1044 2588 aas.
1060 2542 1088 2586 Β

143 2606 238 2655 enon
252 2601 320 2658 <aaa
334 2603 414 2658 Dese.
497 2602 610 2656 dferti:
631 2602 788 2672 fortiquee
864 2604 1003 2658 dabnuo:
1023 2603 1117 2660 abano
1132 2615 1164 2660 Β

145 2713 163 2761 l
182 2691 324 2762 narrsiem
343 2711 397 2778 (em
412 2709 444 2762 ia
457 2711 524 2780 rus.)
538 2719 576 2776 Β;
595 2692 737 2764 narsei-em
754 2719 788 2763 Ι
856 2715 872 2763 8
891 2711 1162 2767 verecundissimum

146 2795 180 2834 ex
196 2779 471 2834 uerecumdissimmn
488 2790 516 2833 Β
584 2781 762 2835 santissimae
780 2791 808 2834 B
885 2781 1101 2850 simperatum
1123 2800 1162 2841 ex

147 2866 189 2905 -es
207 2860 235 2903 B
286 2851 374 2920 pudet
388 2869 425 2906 ea·
442 2853 524 2921 putet
537 2861 565 2905 Β
619 2859 651 2905 12
670 2852 820 2921 impunes
872 2858 911 2906 ,14
929 2852 1070 2908 incendite
1086 2867 1105 2918 4β

147 2956 255 3009 animos
270 2959 413 3011 contracta
427 2940 650 3029 a(c01rluttaB):
667 2959 759 3012 anime
774 2961 870 3013 saneto
885 2961 1007 3014 mactate
1021 2972 1047 3027 μς
1057 2958 1161 3016 auimo

147 3030 244 3081 sancte
262 3029 354 3082 tracta
372 3042 410 3092 ys
470 3034 503 3082 15
523 3030 571 3098 qui
590 3047 624 3084 ea
642 3029 711 3098 quid
724 3039 752 3082 B
812 3035 844 3084 16
862 3030 984 3085 mercule
999 3040 1026 3085 P
1078 3046 1160 3086 ecus·

147 3101 269 3152 satorem
286 3109 314 3152 Β
388 3105 420 3153 17
440 3102 489 3170 qui
506 3110 545 3169 Β,
569 3112 670 3156 cerm
743 3106 775 3155 18
795 3101 931 3156 similes:
956 3101 1055 3156 similis
1075 3111 1107 3155 M

147 3169 272 3224 tulisses:
297 3187 326 3224 es
345 3173 376 3224 la
390 3188 447 3226 ras.
464 3181 496 3225 M
565 3178 598 3226 19
616 3188 651 3226 ae
669 3182 707 3239 Β,
726 3171 746 3225 h
764 3184 871 3242 supas
943 3179 977 3227 20
994 3189 1159 3244 percussus:

148 3243 634 3311 siaras.13;passusM‚corr.m
679 3245 723 3297 eet
741 3258 821 3309 ems
865 3261 930 3299 uere
944 3254 1039 3311 οπιΒ,
1053 3263 1128 3313 supr.
1137 3257 1161 3298 c

149 3316 181 3365 21
202 3312 292 3366 uliud:
315 3316 417 3382 agehs
485 3317 605 3369 rennuet
623 3324 650 3369 Ρ
720 3321 751 3369 21
777 3317 806 3369 et
825 3330 905 3381 cuae
976 3322 1009 3370 22
1030 3316 1161 3384 commis·

148 3382 216 3437 serit
227 3392 257 3436 Β
310 3390 342 3438 23
362 3387 469 3438 tamen:
488 3386 533 3440 vel
551 3388 662 3439 tantum
677 3388 752 3454 quod
769 3386 869 3441 melius
884 3387 960 3441 valet
978 3388 1009 3442 ia
1027 3405 1161 3459 masau·

148 3494 183 3542 24
200 3454 334 3554 iiluxerit
351 3501 379 3544 Β
401 3494 478 3561 (cerr.
492 3495 536 3563 e);
560 3492 693 3546 inluxerit
710 3503 732 3545 V
803 3494 972 3558 tribunusy
1015 3492 1162 3551 41)-οά-

148 3560 272 3630 signata:
293 3562 329 3616 ab
348 3563 461 3633 signata
476 3573 502 3616 1
980 3604 1140 3695 m
