2430 3952
100 843 138 898 21

157 210 221 275 130
480 209 655 266 CORPORIS
673 210 840 267 PROIECTI

153 397 235 453 rens,
258 377 333 437 nihil
355 379 458 454 refert,
485 379 537 439 ubi
559 381 600 440 sit
621 380 672 439 ille
695 379 747 457 qui
770 380 905 454 adiuvat,
930 380 1000 456 quia
1022 399 1164 456 praesens

155 485 226 527 cura
253 467 420 542 exhibetur,
443 468 588 545 quidquid
609 469 667 528 tibi
689 487 744 546 ego
771 469 923 545 praestiti,
952 469 988 527 ad
1012 471 1164 528 auctorem

154 557 293 631 muneris,
315 556 419 633 idest,
441 556 480 615 ad
497 557 712 634 redemptorem
730 578 829 617 meum
851 558 1088 626 transferendum
1108 560 1162 617 est.

155 663 215 705 non
234 644 344 720 adsedi,
366 664 427 705 non
445 647 613 706 consolatus
636 665 711 721 sum,
723 637 794 706 'non
816 647 994 722 ministravi,
1017 666 1078 706 non
1095 648 1163 722 tuli,

154 752 214 792 non
237 734 363 810 denique
385 736 467 795 totus
490 735 546 794 tibi
568 735 670 794 redivi.
1190 756 1203 797 a

219 823 332 883 Verum
354 823 510 883 fatendum
527 826 580 899 est,
603 823 629 883 si
652 824 798 884 desertam
816 828 846 883 te
869 826 966 901 putas,
989 843 1054 883 mea
1073 824 1164 900 culpa

155 916 207 974 est.
254 912 305 972 sed
326 912 387 971 iarn
409 915 525 987 tempus
554 914 601 972 est
625 912 686 972 ista
709 933 783 988 quae
806 932 866 972 non
893 915 1032 972 excusata
1055 913 1164 972 debent

154 1002 258 1074 videri,
280 1020 384 1060 verum
405 1001 529 1077 pulchra
552 1003 644 1077 atque
665 1001 831 1080 magnifica,
856 1004 954 1060 animo
977 1003 1089 1061 maiore
1113 1002 1163 1060 de—

154 1090 272 1148 fendere
295 1091 334 1164 et,
356 1108 423 1148 oum
445 1090 588 1149 iudicium
611 1094 720 1168 agatur
742 1092 878 1166 exempli,
900 1090 1021 1150 tandem
1041 1109 1162 1149 causam

154 1196 238 1241 suam
255 1178 434 1256 intellegere.
471 1179 527 1238 hoc
545 1181 651 1239 saltem
669 1179 799 1255 habebis,
822 1180 985 1239 miserrime
1003 1179 1056 1252 fili,
1079 1180 1160 1256 quod
1176 1201 1204 1240 ro

153 1267 307 1327 honoratis
330 1267 498 1345 contingere
521 1267 674 1328 itineribus
698 1269 783 1343 solet,
805 1269 961 1328 defunctus
984 1269 1161 1327 laudaberis

154 1358 252 1414 omnia
284 1355 354 1417 licet
385 1357 442 1415 huc
472 1375 642 1417 revocemus
672 1360 847 1433 praeterita,
883 1361 914 1416 et
945 1357 983 1417 ad
1014 1357 1162 1418 canendas

153 1446 241 1505 unius
268 1444 371 1504 laudes
389 1445 603 1506 'universorum
625 1450 729 1507 vatum
755 1448 990 1523 scriptorumque
1018 1465 1162 1506 crason.

153 1533 296 1609 sentient,
319 1535 418 1593 vincet
444 1537 545 1594 tamen
566 1555 614 1594 res
640 1537 700 1595 ista
729 1536 812 1595 mille
839 1536 970 1613 linguas,
997 1535 1161 1612 ipsamque,

153 1625 179 1684 si
206 1625 246 1682 sit
273 1623 375 1699 aliqua
402 1641 522 1699 corpore
550 1643 623 1699 uno,
650 1625 820 1684 facundiam
846 1623 972 1684 materia
999 1624 1161 1701 superabit,
1176 1644 1204 1684 ιι

153 1714 270 1782 etiamsi
292 1712 368 1771 nihil
391 1711 499 1787 dixero,
522 1714 580 1772 nisi
599 1714 678 1789 quod
700 1712 848 1772 obiectum
866 1715 918 1772 est.
954 1714 1050 1772 lucem
1072 1713 1161 1772 liber-

151 1804 303 1877 tatemque
321 1801 401 1878 patri
419 1800 498 1861 filius
515 1801 652 1877 reddidit,
678 1806 716 1876 et,
735 1802 815 1881 quod
833 1803 901 1860 ante
919 1801 1088 1861 inauditum
1107 1805 1162 1877 est,

152 1890 248 1967 magis
270 1909 318 1949 me
346 1890 459 1950 amavit
481 1910 572 1966 quam
594 1891 708 1950 vellem.
753 1893 903 1967 ingressus
927 1894 972 1950 est
992 1892 1101 1966 maria,
1128 1893 1160 1948 in

152 1979 258 2054 quibus
281 1980 342 2037 iam
368 1979 524 2037 minimum
546 1980 671 2055 periculi
696 1981 857 2056 tempestas
880 1980 983 2054 habet,
1010 1982 1053 2053 et,
1081 1980 1161 2056 quod

151 2067 230 2126 inter
252 2067 311 2126 ista
329 2067 538 2126 difficillimum
560 2070 613 2141 est,
636 2087 735 2127 amore
758 2070 817 2144 mei
834 2068 907 2127 vicit
925 2070 1016 2128 etiam
1033 2073 1161 2129 matrem
1175 2089 1203 2128 ao

52 2181 55 2199 ·
152 2174 245 2215 suam.
282 2157 357 2230 tace,
379 2157 495 2215 nefaria
516 2156 633 2234 lingua:
655 2176 725 2234 ergo
749 2161 782 2216 tu
804 2159 863 2216 ista
885 2155 1010 2216 laudas?
1051 2157 1161 2217 obtulit

152 2263 183 2304 se
201 2246 379 2320 captivitati,
398 2246 468 2320 quia
487 2245 598 2304 sciebat
616 2265 705 2323 grave
724 2264 787 2306 esse
806 2247 936 2323 alligari:
959 2247 1046 2305 malis
1064 2249 1160 2323 patris

152 2335 298 2394 successit.
344 2333 424 2392 subit
457 2332 552 2394 libens
590 2353 716 2410 poenam
748 2335 843 2412 pietas
876 2337 967 2393 etiam
1003 2335 1160 2396 sceleribus

152 2442 280 2501 gravem.
317 2424 353 2482 tu
374 2424 489 2496 melius,
512 2443 594 2497 uxor,
617 2442 693 2499 quae
716 2425 864 2483 factmum
887 2424 1044 2483 retinebas
1082 2444 1160 2484 com-

150 2514 255 2589 parate
282 2529 373 2586 nunc,
400 2512 425 2570 si
448 2513 514 2587 quis
541 2515 657 2587 patrem
683 2531 737 2589 per
763 2514 862 2572 hostes
890 2513 969 2573 solus
997 2515 1080 2588 tulit,
1108 2517 1161 2589 qui
1175 2533 1203 2573 as

152 2621 219 2661 cum
245 2601 395 2662 venientia
420 2599 452 2659 in
474 2603 592 2676 patrem
613 2601 675 2661 tela
702 2603 874 2677 excepisset,
905 2602 1033 2676 simplici
1059 2606 1161 2663 tamen

150 2693 246 2750 morte
269 2690 424 2749 defunctus
442 2691 495 2748 est.
530 2710 623 2748 unum
645 2690 769 2768 legimus
788 2691 840 2766 qui
857 2692 984 2751 vicarias
1002 2710 1056 2768 pro
1074 2695 1160 2768 patre

150 2797 210 2839 non
238 2779 357 2856 quidem
388 2780 493 2855 piratis
522 2782 575 2838 aut
600 2781 676 2837 mari
707 2797 812 2838 manus
840 2778 994 2854 obtulerit,
1026 2781 1076 2839 sed
1107 2780 1161 2839 ubi

223 3019 394 3089 remagli!
471 3017 671 3073 cnoeodadd.
691 3018 806 3085 filiam
829 3018 924 3072 ffliiV
1000 3020 1104 3075 adom.
1125 3031 1160 3090 Ρ,

150 3105 265 3212 ξιιμτρ
325 3073 515 3228 {quantuli
534 3088 720 3214 numtulitu
788 3089 986 3214 bibdiiiin'
984 3091 1105 3216 bdetlino

150 3176 249 3298 ruffi,
262 3177 555 3312 ᾟωιανρὸαέῥῖίονε
572 3176 711 3286 dddubaa
729 3170 832 3285 blaltim
853 3242 875 3285 V
909 3178 986 3286 0011
995 3179 1159 3288 diiuneiiffi

150 3273 308 3356 laudaveris
328 3311 350 3354 V
410 3308 442 3356 15
461 3303 602 3386 superavit
624 3312 645 3355 V
700 3309 732 3357 17
751 3303 838 3385 patri:
857 3303 918 3357 iia
935 3321 989 3359 ras.
1010 3307 1038 3373 (2
1052 3307 1114 3375 litt.)
1129 3315 1162 3359 M

151 3379 185 3428 18
204 3389 300 3443 quam:
325 3373 374 3440 qd'
394 3383 422 3426 Ρ
509 3380 542 3427 19
559 3373 717 3429 minimum:
740 3373 785 3429 vel
802 3373 921 3428 nimium
938 3375 983 3429 vel
1003 3376 1158 3443 minimum,

150 3447 299 3515 utrumque
317 3446 360 3498 est
377 3444 482 3499 bonum
499 3467 531 3498 m
548 3445 580 3500 in
592 3463 677 3517 marp
749 3445 905 3515 periculum
923 3454 951 3497 Ρ
1020 3452 1053 3500 20
1072 3464 1116 3502 me
1131 3421 1160 3501 Β

151 3522 183 3569 21
207 3533 264 3570 non
285 3515 437 3569 laudas!
405 3516 493 3586 u(in
516 3515 579 3572 aliis
601 3533 658 3572 non
675 3517 795 3572 habetur
813 3534 869 3571 non
887 3538 918 3570 m
940 3517 972 3571 irc
990 3521 1087 3589 marp.)

151 3593 184 3642 26
203 3589 283 3658 patre
300 3595 352 3640 BV
