2430 3952
454 214 702 270 ‘DECLAMATIO
720 216 793 272 XIII.
1069 217 1136 281 415

125 403 229 458 emere,
253 383 334 459 quod
351 385 467 442 luorum
486 388 539 458 est,
561 383 689 444 habere?
730 386 769 443 D.
788 387 823 443 ut
841 385 985 443 damnum
1002 386 1050 459 sit,
1073 387 1137 443 iure

123 475 155 529 in
179 472 297 548 privato
320 492 385 532 meo
411 474 476 532 feci.
517 473 550 530 P.
570 473 706 547 divitem,
729 473 762 532 P.
782 471 823 548 0.,
845 473 897 532 ubi
924 474 1018 532 scelus
1040 475 1137 533 facere

121 581 184 620 non
201 560 305 621 liceat
345 564 407 620 iam
430 581 489 620 non
512 562 646 622 defecto
670 561 721 622 sed
744 562 863 622 deloco
883 563 1043 638 quaeritur.
1084 563 1137 621 ubi

124 652 224 708 autem
246 669 306 708 non
324 651 453 709 divitum
471 652 623 726 privatum
645 649 709 711 est?
733 654 785 710 aut
803 670 951 727 nusquam
969 654 1136 712 contraius

97 739 194 797 plicet
224 742 277 798 aut
302 741 334 796 in
364 739 482 817 privato
515 741 623 799 omnia.
669 741 752 799 furta
781 742 876 818 igitur
892 767 896 772 ’
910 742 940 799 et
968 741 1135 800 homicidia.

123 828 162 885 D.
182 828 255 887 haec
284 829 372 906 longe
400 829 463 888 illis
492 848 551 887 non
582 831 768 889 conveniunt.
816 830 850 886 P.
875 830 960 905 atqui
988 831 1047 888 ista
1077 849 1137 888 non

122 917 187 975 iure
206 916 256 976 sed
275 936 381 994 genere
395 917 543 976 diffemmt.
584 919 624 976 D.
638 918 712 994 quid
726 938 744 978 a
757 916 834 976 meP'
864 917 944 977 ultro
959 918 997 977 ad
1010 920 1137 977 mortem

123 1009 276 1064 venerunt.
324 1009 357 1065 P.
382 1026 478 1065 nonne
508 1025 623 1067 venena
652 1007 802 1084 sparsisti,
836 1007 922 1066 flores
953 1005 1137 1083 exposuisti?

124 1097 150 1153 si
172 1114 318 1154 venenum
340 1095 455 1154 homini
473 1096 611 1171 dedisses,
634 1095 744 1156 diceres
768 1115 836 1154 eum
858 1096 946 1155 labiis
970 1097 1136 1156 admovisse

83 1184 236 1259 1opocula.
284 1185 317 1241 in
346 1185 426 1244 scitu
454 1185 605 1244 hominem
634 1186 781 1244 iaculatus
812 1203 850 1244 es.
882 1203 967 1240 aas*
998 1186 1037 1243 D.
1057 1185 1134 1245 cedo.

122 1273 265 1331 interfeci.
306 1273 441 1349 reddam,
472 1275 498 1332 si
520 1274 602 1350 prius
626 1273 705 1350 quod
734 1277 853 1350 raptum
877 1277 934 1348 est,
963 1274 1135 1334 reddideris.

123 1362 192 1420 nolo
223 1380 272 1421 eas
300 1381 318 1420 a
345 1382 410 1421 meo
442 1363 603 1438 quidquam
634 1381 756 1422 sumere.
797 1364 830 1420 P.
849 1381 909 1422 non
937 1363 970 1421 in
1000 1359 1135 1424 omnibus

123 1453 245 1508 sumunt
271 1450 376 1510 sedin
400 1452 535 1510 omnibus
559 1455 713 1526 quaenmt.
754 1451 794 1509 D.
813 1453 839 1510 si
860 1470 976 1529 semper
997 1452 1134 1512 falleren-

123 1541 181 1613 tur,
204 1559 264 1598 non
287 1557 402 1616 semper
423 1540 562 1599 redirent.
602 1541 636 1598 P.
656 1540 788 1600 discerne
810 1540 863 1599 ubi
886 1541 975 1616 desit,
999 1544 1029 1600 et
1051 1543 1134 1600 resti·

83 1650 108 1689 1⁵
123 1631 215 1687 tuam.
261 1629 300 1687 D.
319 1629 399 1704 quod
427 1629 527 1688 videre
556 1648 683 1704 nequeo,
712 1630 880 1707 intelligere
909 1648 993 1705 queo.
1041 1649 1136 1690 vacua

123 1719 214 1785 venit,
230 1720 336 1777 onusta
351 1717 434 1777 abiit.
476 1721 530 1777 aut
546 1720 684 1795 rapinam
703 1719 815 1793 cohibe,
834 1721 887 1777 aut
902 1721 1025 1794 raptum
1037 1719 1134 1778 redde.

123 1807 155 1863 P.
174 1808 262 1865 reete.
303 1807 433 1865 reddam.
478 1810 513 1868 tu
543 1810 688 1882 quantum
717 1809 884 1885 rapuerint,
914 1807 1054 1866 discerne.
1094 1809 1134 1867 D.

124 1899 236 1970 quanto
254 1895 406 1955 difficilius
425 1895 557 1970 diffiniri,
575 1899 661 1956 tanto
674 1896 888 1972 impossibilius
905 1896 997 1955 reddi.
1033 1899 1135 1956 tamen

120 1984 218 2043 redde.
259 1985 293 2042 P.
311 1985 439 2044 habetne
458 1986 560 2060 alique
577 1985 634 2060 lex,
656 1985 688 2044 P.
709 1984 748 2061 0,
767 1988 802 2044 ut
819 1985 960 2044 reddatur
978 1986 1057 2060 quod
1076 2006 1135 2046 non

81 2096 108 2134 ao
122 2075 219 2148 novit,
249 2074 321 2148 quid
347 2074 396 2134 iel
428 2078 574 2150 quantum
608 2075 656 2134 vel
687 2074 766 2150 quod
791 2093 898 2133 nomen
926 2073 1055 2134 habeat?
1094 2077 1134 2134 D.
1172 2109 1173 2112 η

121 2162 249 2221 habetne
278 2164 400 2238 aliquod
422 2166 483 2238 ina,
509 2164 542 2222 P.
563 2161 603 2239 0,
626 2167 661 2222 ut
688 2164 767 2238 quod
788 2166 944 2240 proprium
967 2166 1024 2242 est,
1056 2166 1134 2239 quod

121 2270 239 2311 servare
269 2255 299 2311 et
330 2255 440 2312 servire
469 2255 582 2329 potest,
612 2253 690 2327 quod
721 2253 758 2310 ab
789 2254 885 2312 invito
915 2255 1045 2328 rapitur,
1074 2272 1134 2312 non

120 2339 283 2399 reddatur?
323 2343 355 2399 P.
374 2343 473 2400 totum
494 2342 638 2400 mundum
660 2343 693 2400 in
716 2343 948 2401 controversiam
970 2345 1093 2416 vocatis,
1116 2361 1133 2402 o

120 2429 240 2502 iudices,
259 2432 401 2506 sispium
414 2431 531 2491 labores
548 2432 628 2490 inter
645 2432 770 2490 iniurias
783 2433 938 2506 reputatis.
979 2433 1018 2490 D.
1033 2449 1134 2500 omnes

80 2540 106 2578 ss
120 2518 200 2594 leges
223 2520 255 2575 in
277 2519 375 2577 labem
397 2520 528 2594 tmditis,
550 2520 671 2594 iudices,
694 2521 720 2579 si
742 2539 788 2579 res
810 2522 946 2595 proprias
970 2519 1134 2579 dominicae

121 2607 310 2681 subtrahitis,
339 2609 455 2667 alienae
484 2610 635 2667 voluntati
664 2608 798 2668 subditis.
839 2609 872 2666 P.
895 2608 967 2683 quid
996 2602 1133 2683 haeretis,

120 2693 253 2754 iudices?
277 2698 330 2754 aut
352 2696 490 2771 iudicate,
514 2699 565 2755 aut
589 2700 724 2772 querenti
745 2697 869 2755 reddite.

192 2960 207 3006 2
227 2954 356 3008 divitem:
381 2953 535 3008 diiudicate
558 2964 599 3022 ης
623 2954 741 3008 dividite
764 2964 809 3007 VB
913 2961 930 3008 4
950 2954 1067 3009 divitem
1089 2964 1134 3008 VB

120 3025 186 3077 5in
200 3042 250 3079 om.
265 3034 293 3078 P
364 3025 467 3094 iquid
486 3025 524 3078 ad
537 3041 581 3080 me
596 3041 645 3080 om.
661 3035 689 3079 P
758 3026 898 3080 ededisti
912 3035 945 3093 P,
960 3044 998 3080 ars
1011 3032 1096 3080 recte?

121 3096 196 3149 dices
214 3105 261 3149 VB
313 3101 346 3150 16
366 3097 590 3166 arapinaRVB
642 3102 674 3150 21
694 3114 721 3165 p.
737 3113 760 3151 e.
776 3106 812 3165 P3
832 3114 881 3151 om.
897 3106 975 3151 lew
1027 3103 1060 3150 22
1076 3113 1131 3151 ser-

119 3167 179 3219 vari
198 3175 252 3220 ιη’
320 3173 353 3222 2⁷
373 3168 554 3236 conquerenti
573 3177 651 3221 lm
