<?xml version="1.0" encoding="UTF-8"?>
<!DOCTYPE html PUBLIC "-//W3C//DTD XHTML 1.0 Transitional//EN"
    "http://www.w3.org/TR/xhtml1/DTD/xhtml1-transitional.dtd">
<html xmlns="http://www.w3.org/1999/xhtml" xml:lang="en" lang="en">
 <head>
  <title>
</title>
<meta http-equiv="Content-Type" content="text/html;charset=utf-8" />
  <meta name='ocr-system' content='tesseract 3.04.00' />
  <meta name='ocr-capabilities' content='ocr_page ocr_carea ocr_par ocr_line ocrx_word'/>
</head>
<body>
  <div class='ocr_page' id='page_1' title='image "./qvintilianiqvae00quingoog_0077.png"; bbox 0 0 2430 3952; ppageno 0'>
   <div class='ocr_carea' id='block_1_1' title="bbox 142 208 817 276">
    <p class='ocr_par' dir='ltr' id='par_1_1' title="bbox 142 208 817 276">
     <span class='ocr_line' id='line_1_1' title="bbox 142 208 817 276; baseline -0.001 -13"><span class='ocrx_word' id='word_1_1' title='bbox 142 211 183 276; x_wconf 84' lang='lat'><strong>38</strong></span> <span class='ocrx_word' id='word_1_2' title='bbox 455 241 458 248; x_wconf 86' lang='lat'>-</span> <span class='ocrx_word' id='word_1_3' title='bbox 478 208 613 264; x_wconf 73' lang='lat' dir='ltr'><strong>cunovs</strong></span> <span class='ocrx_word' id='word_1_4' title='bbox 631 209 671 264; x_wconf 79' lang='lat' dir='ltr'><strong>ur</strong></span> <span class='ocrx_word' id='word_1_5' title='bbox 690 208 817 263; x_wconf 79' lang='lat' dir='ltr'><strong>rricius</strong></span> 
     </span>
    </p>
   </div>
   <div class='ocr_carea' id='block_1_2' title="bbox 87 377 1197 899">
    <p class='ocr_par' dir='ltr' id='par_1_2' title="bbox 140 377 1159 704">
     <span class='ocr_line' id='line_1_2' title="bbox 141 377 1159 456; baseline 0.001 -18"><span class='ocrx_word' id='word_1_6' title='bbox 141 398 226 438; x_wconf 91' lang='lat' dir='ltr'><strong>suum</strong></span> <span class='ocrx_word' id='word_1_7' title='bbox 249 380 401 456; x_wconf 87' lang='lat' dir='ltr'><strong>patrisque</strong></span> <span class='ocrx_word' id='word_1_8' title='bbox 424 378 592 438; x_wconf 78' lang='lat' dir='ltr'><strong>cubiculum</strong></span> <span class='ocrx_word' id='word_1_9' title='bbox 615 378 703 437; x_wconf 83' lang='lat' dir='ltr'><strong>facile</strong></span> <span class='ocrx_word' id='word_1_10' title='bbox 726 377 878 452; x_wconf 84' lang='lat' dir='ltr'><strong>discurrit,</strong></span> <span class='ocrx_word' id='word_1_11' title='bbox 904 377 976 454; x_wconf 92' lang='lat' dir='ltr'><strong>quid</strong></span> <span class='ocrx_word' id='word_1_12' title='bbox 999 378 1099 438; x_wconf 81' lang='lat' dir='ltr'><strong>adhuc</strong></span> <span class='ocrx_word' id='word_1_13' title='bbox 1124 379 1159 439; x_wconf 90' lang='lat' dir='ltr'><strong>in</strong></span> 
     </span>
     <span class='ocr_line' id='line_1_3' title="bbox 140 465 1159 545; baseline 0.001 -19"><span class='ocrx_word' id='word_1_14' title='bbox 140 469 242 526; x_wconf 92' lang='lat' dir='ltr'><strong>limine</strong></span> <span class='ocrx_word' id='word_1_15' title='bbox 270 465 372 526; x_wconf 71' lang='lat' dir='ltr'><strong>facit?</strong></span> <span class='ocrx_word' id='word_1_16' title='bbox 409 469 517 544; x_wconf 82' lang='lat' dir='ltr'><strong>evasit,</strong></span> <span class='ocrx_word' id='word_1_17' title='bbox 546 467 661 545; x_wconf 87' lang='lat' dir='ltr'><strong>effugit,</strong></span> <span class='ocrx_word' id='word_1_18' title='bbox 690 467 822 544; x_wconf 81' lang='lat' dir='ltr'><strong>gladium</strong></span> <span class='ocrx_word' id='word_1_19' title='bbox 849 467 910 525; x_wconf 88' lang='lat' dir='ltr'><strong>iem</strong></span> <span class='ocrx_word' id='word_1_20' title='bbox 932 469 1075 543; x_wconf 72' lang='lat' dir='ltr'><strong>reposuit.</strong></span> <span class='ocrx_word' id='word_1_21' title='bbox 1126 472 1159 527; x_wconf 90' lang='lat' dir='ltr'><strong>ct</strong></span> 
     </span>
     <span class='ocr_line' id='line_1_4' title="bbox 142 556 1157 633; baseline 0.001 -18"><span class='ocrx_word' id='word_1_22' title='bbox 142 559 253 633; x_wconf 88' lang='lat' dir='ltr'><strong>quanto</strong></span> <span class='ocrx_word' id='word_1_23' title='bbox 276 557 394 616; x_wconf 75' lang='lat' dir='ltr'><strong>facilius</strong></span> <span class='ocrx_word' id='word_1_24' title='bbox 418 560 463 616; x_wconf 91' lang='lat' dir='ltr'><strong>est</strong></span> <span class='ocrx_word' id='word_1_25' title='bbox 485 575 572 616; x_wconf 88' lang='lat' dir='ltr'><strong>caeco</strong></span> <span class='ocrx_word' id='word_1_26' title='bbox 595 556 735 615; x_wconf 89' lang='lat' dir='ltr'><strong>simulare</strong></span> <span class='ocrx_word' id='word_1_27' title='bbox 755 574 880 633; x_wconf 78' lang='lat' dir='ltr'>somnos,</span> <span class='ocrx_word' id='word_1_28' title='bbox 903 556 1020 615; x_wconf 81' lang='lat' dir='ltr'><strong>vultum</strong></span> <span class='ocrx_word' id='word_1_29' title='bbox 1039 559 1157 632; x_wconf 89' lang='lat' dir='ltr'><strong>quietis</strong></span> 
     </span>
     <span class='ocr_line' id='line_1_5' title="bbox 140 643 274 704; baseline -0.015 0"><span class='ocrx_word' id='word_1_30' title='bbox 140 643 274 704; x_wconf 79' lang='lat' dir='ltr'><strong>imitari?</strong></span> 
     </span>
    </p>

    <p class='ocr_par' dir='ltr' id='par_1_3' title="bbox 87 733 1197 899">
     <span class='ocr_line' id='line_1_6' title="bbox 87 733 1197 811; baseline 0.005 -21"><span class='ocrx_word' id='word_1_31' title='bbox 87 734 124 790; x_wconf 79' lang='lat'><strong>21</strong></span> <span class='ocrx_word' id='word_1_32' title='bbox 207 734 305 810; x_wconf 80' lang='lat' dir='ltr'><strong>Quod,</strong></span> <span class='ocrx_word' id='word_1_33' title='bbox 328 753 382 810; x_wconf 90' lang='lat' dir='ltr'><strong>per</strong></span> <span class='ocrx_word' id='word_1_34' title='bbox 403 734 503 811; x_wconf 89' lang='lat' dir='ltr'><strong>fidem,</strong></span> <span class='ocrx_word' id='word_1_35' title='bbox 531 735 628 792; x_wconf 88' lang='lat' dir='ltr'><strong>maius</strong></span> <span class='ocrx_word' id='word_1_36' title='bbox 652 733 766 793; x_wconf 80' lang='lat' dir='ltr'><strong>subitae</strong></span> <span class='ocrx_word' id='word_1_37' title='bbox 790 733 971 792; x_wconf 90' lang='lat' dir='ltr'><strong>confusionis</strong></span> <span class='ocrx_word' id='word_1_38' title='bbox 994 751 1157 810; x_wconf 82' lang='lat' dir='ltr'><strong>argumen-</strong></span> <span class='ocrx_word' id='word_1_39' title='bbox 1185 756 1197 796; x_wconf 79' lang='lat' dir='ltr'><strong>s</strong></span> 
     </span>
     <span class='ocr_line' id='line_1_7' title="bbox 139 820 1158 899; baseline 0 -17"><span class='ocrx_word' id='word_1_40' title='bbox 139 826 204 882; x_wconf 88' lang='lat' dir='ltr'><strong>tum</strong></span> <span class='ocrx_word' id='word_1_41' title='bbox 227 825 272 882; x_wconf 90' lang='lat' dir='ltr'><strong>est</strong></span> <span class='ocrx_word' id='word_1_42' title='bbox 296 842 385 899; x_wconf 90' lang='lat' dir='ltr'><strong>quam</strong></span> <span class='ocrx_word' id='word_1_43' title='bbox 408 823 488 899; x_wconf 93' lang='lat' dir='ltr'><strong>quod</strong></span> <span class='ocrx_word' id='word_1_44' title='bbox 510 841 613 882; x_wconf 87' lang='lat' dir='ltr'><strong>caecus</strong></span> <span class='ocrx_word' id='word_1_45' title='bbox 637 821 741 881; x_wconf 79' lang='lat' dir='ltr'><strong>exiluit</strong></span> <span class='ocrx_word' id='word_1_46' title='bbox 764 824 794 880; x_wconf 90' lang='lat' dir='ltr'><strong>et</strong></span> <span class='ocrx_word' id='word_1_47' title='bbox 817 820 921 880; x_wconf 79' lang='lat' dir='ltr'><strong>stetit?</strong></span> <span class='ocrx_word' id='word_1_48' title='bbox 957 823 1080 899; x_wconf 83' lang='lat' dir='ltr'><strong>gravius</strong></span> <span class='ocrx_word' id='word_1_49' title='bbox 1103 843 1158 882; x_wconf 89' lang='lat' dir='ltr'><strong>ne·</strong></span> 
     </span>
    </p>
   </div>
   <div class='ocr_carea' id='block_1_3' title="bbox 86 910 1197 2945">
    <p class='ocr_par' dir='ltr' id='par_1_4' title="bbox 86 910 1197 2945">
     <span class='ocr_line' id='line_1_8' title="bbox 139 910 1157 988; baseline 0 -17"><span class='ocrx_word' id='word_1_50' title='bbox 139 930 218 972; x_wconf 92' lang='lat' dir='ltr'><strong>cesse</strong></span> <span class='ocrx_word' id='word_1_51' title='bbox 242 915 287 971; x_wconf 98' lang='grc' dir='ltr'><strong>θεὴ</strong></span> <span class='ocrx_word' id='word_1_52' title='bbox 310 914 506 988; x_wconf 77' lang='lat' dir='ltr'><strong>expavescant</strong></span> <span class='ocrx_word' id='word_1_53' title='bbox 530 911 636 987; x_wconf 92' lang='lat' dir='ltr'><strong>quibus</strong></span> <span class='ocrx_word' id='word_1_54' title='bbox 660 911 695 969; x_wconf 92' lang='lat' dir='ltr'><strong>de</strong></span> <span class='ocrx_word' id='word_1_55' title='bbox 719 910 918 970; x_wconf 92' lang='lat' dir='ltr'><strong>sollicitudine</strong></span> <span class='ocrx_word' id='word_1_56' title='bbox 947 929 1000 969; x_wconf 89' lang='lat' dir='ltr'><strong>sua</strong></span> <span class='ocrx_word' id='word_1_57' title='bbox 1022 929 1083 970; x_wconf 92' lang='lat' dir='ltr'><strong>non</strong></span> <span class='ocrx_word' id='word_1_58' title='bbox 1108 932 1157 972; x_wconf 90' lang='lat' dir='ltr'><strong>re·</strong></span> 
     </span>
     <span class='ocr_line' id='line_1_9' title="bbox 138 999 1157 1076; baseline 0.001 -17"><span class='ocrx_word' id='word_1_59' title='bbox 138 1002 280 1060; x_wconf 83' lang='lat' dir='ltr'><strong>nuntiant</strong></span> <span class='ocrx_word' id='word_1_60' title='bbox 302 1001 381 1059; x_wconf 90' lang='lat' dir='ltr'><strong>oculi</strong></span> <span class='ocrx_word' id='word_1_61' title='bbox 404 1004 434 1058; x_wconf 91' lang='lat' dir='ltr'><strong>et</strong></span> <span class='ocrx_word' id='word_1_62' title='bbox 457 1001 610 1059; x_wconf 89' lang='lat' dir='ltr'><strong>conclusus</strong></span> <span class='ocrx_word' id='word_1_63' title='bbox 633 999 749 1059; x_wconf 86' lang='lat' dir='ltr'><strong>animus</strong></span> <span class='ocrx_word' id='word_1_64' title='bbox 772 1017 832 1057; x_wconf 92' lang='lat' dir='ltr'><strong>non</strong></span> <span class='ocrx_word' id='word_1_65' title='bbox 850 1002 911 1058; x_wconf 85' lang='lat' dir='ltr'><strong>exit</strong></span> <span class='ocrx_word' id='word_1_66' title='bbox 928 1000 960 1058; x_wconf 93' lang='lat' dir='ltr'><strong>in</strong></span> <span class='ocrx_word' id='word_1_67' title='bbox 978 1000 1068 1076; x_wconf 86' lang='lat' dir='ltr'><strong>visus,</strong></span> <span class='ocrx_word' id='word_1_68' title='bbox 1092 1020 1157 1061; x_wconf 92' lang='lat' dir='ltr'><strong>non</strong></span> 
     </span>
     <span class='ocr_line' id='line_1_10' title="bbox 139 1088 1156 1165; baseline 0.002 -18"><span class='ocrx_word' id='word_1_69' title='bbox 139 1090 231 1148; x_wconf 82' lang='lat' dir='ltr'><strong>habet</strong></span> <span class='ocrx_word' id='word_1_70' title='bbox 256 1089 333 1147; x_wconf 89' lang='lat' dir='ltr'><strong>unde</strong></span> <span class='ocrx_word' id='word_1_71' title='bbox 362 1090 464 1148; x_wconf 88' lang='lat' dir='ltr'><strong>timori</strong></span> <span class='ocrx_word' id='word_1_72' title='bbox 491 1108 543 1148; x_wconf 89' lang='lat' dir='ltr'><strong>suo</strong></span> <span class='ocrx_word' id='word_1_73' title='bbox 566 1107 622 1165; x_wconf 87' lang='lat' dir='ltr'><strong>par</strong></span> <span class='ocrx_word' id='word_1_74' title='bbox 644 1090 692 1148; x_wconf 90' lang='lat' dir='ltr'><strong>sit.</strong></span> <span class='ocrx_word' id='word_1_75' title='bbox 738 1088 935 1165; x_wconf 91' lang='lat' dir='ltr'><strong>deprehensus</strong></span> <span class='ocrx_word' id='word_1_76' title='bbox 958 1092 1003 1148; x_wconf 92' lang='grc' dir='ltr'><strong>θεὴ</strong></span> <span class='ocrx_word' id='word_1_77' title='bbox 1024 1090 1156 1165; x_wconf 78' lang='lat' dir='ltr'><strong>invenie,</strong></span> 
     </span>
     <span class='ocr_line' id='line_1_11' title="bbox 139 1177 1197 1256; baseline 0.006 -21"><span class='ocrx_word' id='word_1_78' title='bbox 139 1178 193 1236; x_wconf 88' lang='lat' dir='ltr'><strong>ubi</strong></span> <span class='ocrx_word' id='word_1_79' title='bbox 220 1178 306 1236; x_wconf 91' lang='lat' dir='ltr'><strong>illum</strong></span> <span class='ocrx_word' id='word_1_80' title='bbox 333 1177 510 1238; x_wconf 86' lang='lat' dir='ltr'><strong>destituerat</strong></span> <span class='ocrx_word' id='word_1_81' title='bbox 537 1177 666 1253; x_wconf 90' lang='lat' dir='ltr'><strong>impetus</strong></span> <span class='ocrx_word' id='word_1_82' title='bbox 693 1178 817 1236; x_wconf 90' lang='lat' dir='ltr'><strong>timoris.</strong></span> <span class='ocrx_word' id='word_1_83' title='bbox 863 1179 963 1253; x_wconf 90' lang='lat' dir='ltr'><strong>potest</strong></span> <span class='ocrx_word' id='word_1_84' title='bbox 993 1179 1155 1256; x_wconf 84' lang='lat' dir='ltr'><strong>neglegere</strong></span> <span class='ocrx_word' id='word_1_85' title='bbox 1171 1202 1197 1241; x_wconf 83' lang='grc' dir='ltr'><strong>ιο</strong></span> 
     </span>
     <span class='ocr_line' id='line_1_12' title="bbox 140 1265 1155 1341; baseline 0.001 -16"><span class='ocrx_word' id='word_1_86' title='bbox 140 1268 267 1326; x_wconf 83' lang='lat' dir='ltr'><strong>caecitas</strong></span> <span class='ocrx_word' id='word_1_87' title='bbox 290 1266 321 1324; x_wconf 91' lang='lat' dir='ltr'><strong>in</strong></span> <span class='ocrx_word' id='word_1_88' title='bbox 345 1266 478 1326; x_wconf 89' lang='lat' dir='ltr'><strong>cubiculo</strong></span> <span class='ocrx_word' id='word_1_89' title='bbox 502 1284 554 1325; x_wconf 93' lang='lat' dir='ltr'><strong>suo</strong></span> <span class='ocrx_word' id='word_1_90' title='bbox 579 1266 692 1340; x_wconf 87' lang='lat' dir='ltr'><strong>ducem,</strong></span> <span class='ocrx_word' id='word_1_91' title='bbox 716 1268 748 1325; x_wconf 89' lang='lat' dir='ltr'><strong>in</strong></span> <span class='ocrx_word' id='word_1_92' title='bbox 772 1285 830 1341; x_wconf 94' lang='lat' dir='ltr'><strong>quo</strong></span> <span class='ocrx_word' id='word_1_93' title='bbox 853 1265 915 1325; x_wconf 93' lang='lat' dir='ltr'><strong>dies</strong></span> <span class='ocrx_word' id='word_1_94' title='bbox 939 1285 1039 1326; x_wconf 91' lang='lat' dir='ltr'><strong>omnes</strong></span> <span class='ocrx_word' id='word_1_95' title='bbox 1062 1286 1155 1327; x_wconf 92' lang='lat' dir='ltr'><strong>cunc-</strong></span> 
     </span>
     <span class='ocr_line' id='line_1_13' title="bbox 138 1354 1155 1434; baseline 0.004 -21"><span class='ocrx_word' id='word_1_96' title='bbox 138 1358 244 1430; x_wconf 90' lang='lat' dir='ltr'><strong>tasque</strong></span> <span class='ocrx_word' id='word_1_97' title='bbox 267 1358 368 1414; x_wconf 93' lang='lat' dir='ltr'><strong>noctes</strong></span> <span class='ocrx_word' id='word_1_98' title='bbox 392 1357 455 1434; x_wconf 86' lang='lat' dir='ltr'><strong>agit</strong></span> <span class='ocrx_word' id='word_1_99' title='bbox 477 1357 543 1432; x_wconf 90' lang='lat' dir='ltr'><strong>iter,</strong></span> <span class='ocrx_word' id='word_1_100' title='bbox 572 1355 651 1430; x_wconf 92' lang='lat' dir='ltr'><strong>quod</strong></span> <span class='ocrx_word' id='word_1_101' title='bbox 674 1355 734 1413; x_wconf 95' lang='lat' dir='ltr'><strong>iam</strong></span> <span class='ocrx_word' id='word_1_102' title='bbox 757 1355 860 1414; x_wconf 90' lang='lat' dir='ltr'><strong>multis</strong></span> <span class='ocrx_word' id='word_1_103' title='bbox 887 1354 1017 1430; x_wconf 85' lang='lat' dir='ltr'><strong>offensis,</strong></span> <span class='ocrx_word' id='word_1_104' title='bbox 1045 1357 1155 1417; x_wconf 88' lang='lat' dir='ltr'><strong>multis</strong></span> 
     </span>
     <span class='ocr_line' id='line_1_14' title="bbox 139 1444 1156 1518; baseline 0.002 -16"><span class='ocrx_word' id='word_1_105' title='bbox 139 1444 261 1503; x_wconf 88' lang='lat' dir='ltr'><strong>edidicit</strong></span> <span class='ocrx_word' id='word_1_106' title='bbox 288 1445 443 1503; x_wconf 85' lang='lat' dir='ltr'><strong>erroribus.</strong></span> <span class='ocrx_word' id='word_1_107' title='bbox 490 1447 573 1502; x_wconf 83' lang='lat' dir='ltr'><strong>extra</strong></span> <span class='ocrx_word' id='word_1_108' title='bbox 605 1444 696 1501; x_wconf 91' lang='lat' dir='ltr'><strong>limen</strong></span> <span class='ocrx_word' id='word_1_109' title='bbox 725 1445 852 1502; x_wconf 87' lang='lat' dir='ltr'><strong>caecitas</strong></span> <span class='ocrx_word' id='word_1_110' title='bbox 880 1446 938 1518; x_wconf 89' lang='lat' dir='ltr'><strong>est,</strong></span> <span class='ocrx_word' id='word_1_111' title='bbox 966 1445 1035 1504; x_wconf 91' lang='lat' dir='ltr'><strong>inde</strong></span> <span class='ocrx_word' id='word_1_112' title='bbox 1069 1465 1156 1506; x_wconf 92' lang='lat' dir='ltr'><strong>error</strong></span> 
     </span>
     <span class='ocr_line' id='line_1_15' title="bbox 139 1533 1154 1609; baseline 0.004 -18"><span class='ocrx_word' id='word_1_113' title='bbox 139 1553 173 1593; x_wconf 85' lang='lat' dir='ltr'><strong>ec</strong></span> <span class='ocrx_word' id='word_1_114' title='bbox 195 1533 341 1593; x_wconf 87' lang='lat' dir='ltr'><strong>tenebrae.</strong></span> <span class='ocrx_word' id='word_1_115' title='bbox 388 1533 464 1591; x_wconf 91' lang='lat' dir='ltr'><strong>nihil</strong></span> <span class='ocrx_word' id='word_1_116' title='bbox 487 1535 533 1591; x_wconf 89' lang='lat' dir='ltr'><strong>est</strong></span> <span class='ocrx_word' id='word_1_117' title='bbox 555 1533 740 1591; x_wconf 88' lang='lat' dir='ltr'><strong>innocentius</strong></span> <span class='ocrx_word' id='word_1_118' title='bbox 763 1551 858 1607; x_wconf 87' lang='lat' dir='ltr'><strong>caeco,</strong></span> <span class='ocrx_word' id='word_1_119' title='bbox 883 1534 935 1609; x_wconf 91' lang='lat' dir='ltr'><strong>qui</strong></span> <span class='ocrx_word' id='word_1_120' title='bbox 957 1534 1065 1592; x_wconf 92' lang='lat' dir='ltr'><strong>necin</strong></span> <span class='ocrx_word' id='word_1_121' title='bbox 1088 1552 1154 1594; x_wconf 89' lang='lat' dir='ltr'><strong>sce-</strong></span> 
     </span>
     <span class='ocr_line' id='line_1_16' title="bbox 138 1621 1195 1698; baseline -0.002 -18"><span class='ocrx_word' id='word_1_122' title='bbox 138 1623 198 1681; x_wconf 91' lang='lat' dir='ltr'><strong>lere</strong></span> <span class='ocrx_word' id='word_1_123' title='bbox 223 1623 420 1698; x_wconf 90' lang='lat' dir='ltr'><strong>deprehensus</strong></span> <span class='ocrx_word' id='word_1_124' title='bbox 444 1625 489 1681; x_wconf 88' lang='lat' dir='ltr'><strong>est</strong></span> <span class='ocrx_word' id='word_1_125' title='bbox 511 1641 565 1680; x_wconf 90' lang='lat' dir='ltr'><strong>nec</strong></span> <span class='ocrx_word' id='word_1_126' title='bbox 586 1621 618 1679; x_wconf 94' lang='lat' dir='ltr'><strong>in</strong></span> <span class='ocrx_word' id='word_1_127' title='bbox 641 1621 884 1680; x_wconf 88' lang='lat' dir='ltr'><strong>dissimulatione.</strong></span> <span class='ocrx_word' id='word_1_128' title='bbox 1168 1644 1195 1684; x_wconf 78' lang='lat'><strong>15</strong></span> 
     </span>
     <span class='ocr_line' id='line_1_17' title="bbox 204 1711 1154 1788; baseline 0.002 -19"><span class='ocrx_word' id='word_1_129' title='bbox 204 1711 374 1771; x_wconf 87' lang='lat' dir='ltr'><strong>Proclamat</strong></span> <span class='ocrx_word' id='word_1_130' title='bbox 396 1712 453 1770; x_wconf 92' lang='lat' dir='ltr'><strong>hoc</strong></span> <span class='ocrx_word' id='word_1_131' title='bbox 475 1711 540 1769; x_wconf 89' lang='lat' dir='ltr'><strong>loco</strong></span> <span class='ocrx_word' id='word_1_132' title='bbox 563 1712 694 1784; x_wconf 87' lang='lat' dir='ltr'><strong>iuvenis,</strong></span> <span class='ocrx_word' id='word_1_133' title='bbox 721 1712 756 1768; x_wconf 93' lang='lat' dir='ltr'><strong>ut</strong></span> <span class='ocrx_word' id='word_1_134' title='bbox 782 1712 925 1786; x_wconf 91' lang='lat' dir='ltr'><strong>primum,</strong></span> <span class='ocrx_word' id='word_1_135' title='bbox 953 1711 1065 1786; x_wconf 88' lang='lat' dir='ltr'><strong>inquit,</strong></span> <span class='ocrx_word' id='word_1_136' title='bbox 1093 1732 1154 1788; x_wconf 93' lang='lat' dir='ltr'><strong>me,</strong></span> 
     </span>
     <span class='ocr_line' id='line_1_18' title="bbox 138 1798 1154 1877; baseline 0.003 -20"><span class='ocrx_word' id='word_1_137' title='bbox 138 1802 232 1876; x_wconf 89' lang='lat' dir='ltr'><strong>pater,</strong></span> <span class='ocrx_word' id='word_1_138' title='bbox 254 1801 365 1876; x_wconf 87' lang='lat' dir='ltr'><strong>fragor,</strong></span> <span class='ocrx_word' id='word_1_139' title='bbox 393 1800 497 1858; x_wconf 89' lang='lat' dir='ltr'><strong>domus</strong></span> <span class='ocrx_word' id='word_1_140' title='bbox 521 1801 550 1858; x_wconf 89' lang='lat' dir='ltr'><strong>et</strong></span> <span class='ocrx_word' id='word_1_141' title='bbox 572 1799 655 1858; x_wconf 84' lang='lat' dir='ltr'><strong>velut</strong></span> <span class='ocrx_word' id='word_1_142' title='bbox 677 1798 723 1856; x_wconf 91' lang='lat' dir='ltr'><strong>tui</strong></span> <span class='ocrx_word' id='word_1_143' title='bbox 746 1800 902 1859; x_wconf 84' lang='lat' dir='ltr'><strong>confudere</strong></span> <span class='ocrx_word' id='word_1_144' title='bbox 926 1801 1067 1877; x_wconf 88' lang='lat' dir='ltr'><strong>gemitus,</strong></span> <span class='ocrx_word' id='word_1_145' title='bbox 1094 1802 1154 1860; x_wconf 91' lang='lat' dir='ltr'><strong>ite-</strong></span> 
     </span>
     <span class='ocr_line' id='line_1_19' title="bbox 138 1888 1154 1965; baseline 0.003 -19"><span class='ocrx_word' id='word_1_146' title='bbox 138 1908 205 1946; x_wconf 88' lang='lat' dir='ltr'><strong>rum</strong></span> <span class='ocrx_word' id='word_1_147' title='bbox 236 1891 390 1963; x_wconf 87' lang='lat' dir='ltr'><strong>tamquam</strong></span> <span class='ocrx_word' id='word_1_148' title='bbox 421 1891 452 1946; x_wconf 90' lang='lat' dir='ltr'><strong>te</strong></span> <span class='ocrx_word' id='word_1_149' title='bbox 484 1890 625 1963; x_wconf 89' lang='lat' dir='ltr'><strong>rapturus</strong></span> <span class='ocrx_word' id='word_1_150' title='bbox 658 1888 755 1946; x_wconf 87' lang='lat' dir='ltr'><strong>exilui.</strong></span> <span class='ocrx_word' id='word_1_151' title='bbox 800 1890 872 1947; x_wconf 91' lang='lat' dir='ltr'><strong>tunc</strong></span> <span class='ocrx_word' id='word_1_152' title='bbox 901 1889 1031 1965; x_wconf 90' lang='lat' dir='ltr'><strong>primum</strong></span> <span class='ocrx_word' id='word_1_153' title='bbox 1060 1891 1154 1949; x_wconf 92' lang='lat' dir='ltr'><strong>miser</strong></span> 
     </span>
     <span class='ocr_line' id='line_1_20' title="bbox 139 1976 1152 2050; baseline 0.003 -15"><span class='ocrx_word' id='word_1_154' title='bbox 139 1978 217 2035; x_wconf 90' lang='lat' dir='ltr'><strong>sensi</strong></span> <span class='ocrx_word' id='word_1_155' title='bbox 239 1977 354 2035; x_wconf 87' lang='lat' dir='ltr'><strong>facinus</strong></span> <span class='ocrx_word' id='word_1_156' title='bbox 378 1976 544 2035; x_wconf 87' lang='lat' dir='ltr'><strong>caecitatis:</strong></span> <span class='ocrx_word' id='word_1_157' title='bbox 572 1976 655 2050; x_wconf 91' lang='lat' dir='ltr'><strong>steti,</strong></span> <span class='ocrx_word' id='word_1_158' title='bbox 678 1977 770 2034; x_wconf 91' lang='lat' dir='ltr'><strong>donec</strong></span> <span class='ocrx_word' id='word_1_159' title='bbox 793 1978 867 2034; x_wconf 92' lang='lat' dir='ltr'><strong>mihi</strong></span> <span class='ocrx_word' id='word_1_160' title='bbox 893 1977 1073 2037; x_wconf 77' lang='lat' dir='ltr'><strong>nuntiarems</strong></span> <span class='ocrx_word' id='word_1_161' title='bbox 1103 1998 1152 2039; x_wconf 93' lang='lat' dir='ltr'><strong>oc-</strong></span> 
     </span>
     <span class='ocr_line' id='line_1_21' title="bbox 139 2058 1193 2140; baseline 0.006 -17"><span class='ocrx_word' id='word_1_162' title='bbox 139 2058 229 2139; x_wconf 80' lang='lat' dir='ltr'><strong>cisuS,</strong></span> <span class='ocrx_word' id='word_1_163' title='bbox 259 2068 289 2124; x_wconf 90' lang='lat' dir='ltr'><strong>et</strong></span> <span class='ocrx_word' id='word_1_164' title='bbox 318 2066 350 2122; x_wconf 92' lang='lat' dir='ltr'><strong>in</strong></span> <span class='ocrx_word' id='word_1_165' title='bbox 379 2065 433 2123; x_wconf 92' lang='lat' dir='ltr'><strong>illa</strong></span> <span class='ocrx_word' id='word_1_166' title='bbox 463 2065 689 2124; x_wconf 85' lang='lat' dir='ltr'><strong>discurrentium</strong></span> <span class='ocrx_word' id='word_1_167' title='bbox 719 2065 917 2140; x_wconf 86' lang='lat' dir='ltr'><strong>trepidatione</strong></span> <span class='ocrx_word' id='word_1_168' title='bbox 947 2068 1031 2125; x_wconf 92' lang='lat' dir='ltr'><strong>tenui</strong></span> <span class='ocrx_word' id='word_1_169' title='bbox 1060 2068 1193 2129; x_wconf 85' lang='lat' dir='ltr'><strong>misereo</strong></span> 
     </span>
     <span class='ocr_line' id='line_1_22' title="bbox 139 2154 1153 2232; baseline 0.004 -19"><span class='ocrx_word' id='word_1_170' title='bbox 139 2155 233 2213; x_wconf 90' lang='lat' dir='ltr'><strong>otium</strong></span> <span class='ocrx_word' id='word_1_171' title='bbox 256 2154 380 2213; x_wconf 89' lang='lat' dir='ltr'><strong>timoris.</strong></span> <span class='ocrx_word' id='word_1_172' title='bbox 427 2174 458 2228; x_wconf 94' lang='lat' dir='ltr'><strong>o,</strong></span> <span class='ocrx_word' id='word_1_173' title='bbox 482 2156 507 2212; x_wconf 89' lang='lat' dir='ltr'><strong>si</strong></span> <span class='ocrx_word' id='word_1_174' title='bbox 530 2173 639 2212; x_wconf 91' lang='lat' dir='ltr'><strong>numen</strong></span> <span class='ocrx_word' id='word_1_175' title='bbox 662 2154 784 2229; x_wconf 90' lang='lat' dir='ltr'><strong>aliquod</strong></span> <span class='ocrx_word' id='word_1_176' title='bbox 806 2155 959 2232; x_wconf 88' lang='lat' dir='ltr'><strong>paulisper</strong></span> <span class='ocrx_word' id='word_1_177' title='bbox 986 2174 1153 2217; x_wconf 83' lang='lat' dir='ltr'><strong>accommo-</strong></span> 
     </span>
     <span class='ocr_line' id='line_1_23' title="bbox 138 2242 1152 2320; baseline 0.004 -20"><span class='ocrx_word' id='word_1_178' title='bbox 138 2243 238 2302; x_wconf 88' lang='lat' dir='ltr'><strong>dasset</strong></span> <span class='ocrx_word' id='word_1_179' title='bbox 261 2243 373 2317; x_wconf 88' lang='lat' dir='ltr'><strong>oculos,</strong></span> <span class='ocrx_word' id='word_1_180' title='bbox 397 2244 526 2318; x_wconf 90' lang='lat' dir='ltr'><strong>primum</strong></span> <span class='ocrx_word' id='word_1_181' title='bbox 548 2245 580 2301; x_wconf 91' lang='lat' dir='ltr'><strong>iu</strong></span> <span class='ocrx_word' id='word_1_182' title='bbox 604 2242 771 2302; x_wconf 87' lang='lat' dir='ltr'><strong>cubiculum</strong></span> <span class='ocrx_word' id='word_1_183' title='bbox 794 2245 952 2302; x_wconf 87' lang='lat' dir='ltr'><strong>intrassem</strong></span> <span class='ocrx_word' id='word_1_184' title='bbox 974 2246 1079 2320; x_wconf 80' lang='lat' dir='ltr'><strong>patris,</strong></span> <span class='ocrx_word' id='word_1_185' title='bbox 1106 2246 1152 2304; x_wconf 93' lang='lat' dir='ltr'><strong>in-</strong></span> 
     </span>
     <span class='ocr_line' id='line_1_24' title="bbox 138 2331 1152 2412; baseline 0.004 -21"><span class='ocrx_word' id='word_1_186' title='bbox 138 2332 285 2391; x_wconf 87' lang='lat' dir='ltr'><strong>venissem</strong></span> <span class='ocrx_word' id='word_1_187' title='bbox 316 2333 451 2390; x_wconf 86' lang='lat' dir='ltr'><strong>fortassis</strong></span> <span class='ocrx_word' id='word_1_188' title='bbox 484 2331 580 2390; x_wconf 90' lang='lat' dir='ltr'><strong>adhuc</strong></span> <span class='ocrx_word' id='word_1_189' title='bbox 608 2332 710 2407; x_wconf 89' lang='lat' dir='ltr'><strong>aliqua</strong></span> <span class='ocrx_word' id='word_1_190' title='bbox 737 2333 828 2392; x_wconf 83' lang='lat' dir='ltr'><strong>verba</strong></span> <span class='ocrx_word' id='word_1_191' title='bbox 857 2334 1024 2408; x_wconf 89' lang='lat' dir='ltr'><strong>morientis,</strong></span> <span class='ocrx_word' id='word_1_192' title='bbox 1056 2335 1152 2412; x_wconf 92' lang='lat' dir='ltr'><strong>loqui,</strong></span> 
     </span>
     <span class='ocr_line' id='line_1_25' title="bbox 138 2421 1151 2498; baseline 0.005 -20"><span class='ocrx_word' id='word_1_193' title='bbox 138 2422 321 2498; x_wconf 87' lang='lat' dir='ltr'><strong>interrogare</strong></span> <span class='ocrx_word' id='word_1_194' title='bbox 349 2422 519 2496; x_wconf 88' lang='lat' dir='ltr'><strong>potuissem.</strong></span> <span class='ocrx_word' id='word_1_195' title='bbox 565 2421 652 2479; x_wconf 85' lang='lat' dir='ltr'><strong>tarda</strong></span> <span class='ocrx_word' id='word_1_196' title='bbox 676 2423 705 2479; x_wconf 89' lang='lat' dir='ltr'><strong>et</strong></span> <span class='ocrx_word' id='word_1_197' title='bbox 732 2422 849 2497; x_wconf 89' lang='lat' dir='ltr'><strong>trepida</strong></span> <span class='ocrx_word' id='word_1_198' title='bbox 872 2426 942 2480; x_wconf 91' lang='lat' dir='ltr'><strong>sunt</strong></span> <span class='ocrx_word' id='word_1_199' title='bbox 965 2422 1064 2482; x_wconf 86' lang='lat' dir='ltr'><strong>officia</strong></span> <span class='ocrx_word' id='word_1_200' title='bbox 1089 2443 1151 2483; x_wconf 90' lang='lat' dir='ltr'><strong>ser·</strong></span> 
     </span>
     <span class='ocr_line' id='line_1_26' title="bbox 138 2510 1192 2590; baseline 0.006 -21"><span class='ocrx_word' id='word_1_201' title='bbox 138 2528 250 2570; x_wconf 91' lang='lat' dir='ltr'><strong>vorum.</strong></span> <span class='ocrx_word' id='word_1_202' title='bbox 298 2528 352 2586; x_wconf 92' lang='lat' dir='ltr'><strong>ego</strong></span> <span class='ocrx_word' id='word_1_203' title='bbox 374 2511 404 2568; x_wconf 91' lang='lat' dir='ltr'><strong>te</strong></span> <span class='ocrx_word' id='word_1_204' title='bbox 428 2510 692 2586; x_wconf 87' lang='lat' dir='ltr'><strong>deprehendissem,</strong></span> <span class='ocrx_word' id='word_1_205' title='bbox 717 2529 851 2585; x_wconf 86' lang='lat' dir='ltr'><strong>noverca,</strong></span> <span class='ocrx_word' id='word_1_206' title='bbox 874 2512 1058 2590; x_wconf 86' lang='lat' dir='ltr'><strong>vigilantem.</strong></span> <span class='ocrx_word' id='word_1_207' title='bbox 1166 2534 1192 2575; x_wconf 79' lang='lat' dir='ltr'><strong>es</strong></span> 
     </span>
     <span class='ocr_line' id='line_1_27' title="bbox 86 2598 1152 2676; baseline 0.008 -23"><span class='ocrx_word' id='word_1_208' title='bbox 86 2598 123 2653; x_wconf 61' lang='grc' dir='ltr'><strong>ΞΒ</strong></span> <span class='ocrx_word' id='word_1_209' title='bbox 205 2599 271 2673; x_wconf 87' lang='lat' dir='ltr'><strong>Sed,</strong></span> <span class='ocrx_word' id='word_1_210' title='bbox 289 2598 397 2674; x_wconf 90' lang='lat' dir='ltr'><strong>inquit,</strong></span> <span class='ocrx_word' id='word_1_211' title='bbox 416 2599 532 2676; x_wconf 87' lang='lat' dir='ltr'><strong>gladius</strong></span> <span class='ocrx_word' id='word_1_212' title='bbox 556 2599 635 2658; x_wconf 86' lang='lat' dir='ltr'><strong>caeci</strong></span> <span class='ocrx_word' id='word_1_213' title='bbox 654 2602 826 2659; x_wconf 87' lang='lat' dir='ltr'><strong>cruentatus</strong></span> <span class='ocrx_word' id='word_1_214' title='bbox 844 2600 984 2660; x_wconf 86' lang='lat' dir='ltr'><strong>inventus</strong></span> <span class='ocrx_word' id='word_1_215' title='bbox 1004 2605 1056 2660; x_wconf 92' lang='grc' dir='ltr'><strong>θεὴ.</strong></span> <span class='ocrx_word' id='word_1_216' title='bbox 1089 2622 1152 2662; x_wconf 91' lang='lat' dir='ltr'><strong>non</strong></span> 
     </span>
     <span class='ocr_line' id='line_1_28' title="bbox 139 2688 1152 2768; baseline 0.005 -23"><span class='ocrx_word' id='word_1_217' title='bbox 139 2691 196 2761; x_wconf 89' lang='lat' dir='ltr'><strong>est,</strong></span> <span class='ocrx_word' id='word_1_218' title='bbox 223 2688 348 2763; x_wconf 80' lang='lat' dir='ltr'><strong>iudices,</strong></span> <span class='ocrx_word' id='word_1_219' title='bbox 377 2689 530 2747; x_wconf 89' lang='lat' dir='ltr'><strong>caecitatis</strong></span> <span class='ocrx_word' id='word_1_220' title='bbox 554 2688 679 2747; x_wconf 88' lang='lat' dir='ltr'><strong>audacia</strong></span> <span class='ocrx_word' id='word_1_221' title='bbox 703 2688 738 2747; x_wconf 92' lang='lat' dir='ltr'><strong>dc</strong></span> <span class='ocrx_word' id='word_1_222' title='bbox 765 2689 925 2765; x_wconf 87' lang='lat' dir='ltr'><strong>parricidio</strong></span> <span class='ocrx_word' id='word_1_223' title='bbox 953 2691 1062 2748; x_wconf 87' lang='lat' dir='ltr'><strong>referre</strong></span> <span class='ocrx_word' id='word_1_224' title='bbox 1085 2693 1152 2768; x_wconf 86' lang='lat' dir='ltr'><strong>gla-</strong></span> 
     </span>
     <span class='ocr_line' id='line_1_29' title="bbox 139 2776 1151 2854; baseline 0.007 -21"><span class='ocrx_word' id='word_1_225' title='bbox 139 2776 233 2851; x_wconf 91' lang='lat' dir='ltr'><strong>dium,</strong></span> <span class='ocrx_word' id='word_1_226' title='bbox 257 2780 287 2835; x_wconf 93' lang='lat' dir='ltr'><strong>et</strong></span> <span class='ocrx_word' id='word_1_227' title='bbox 309 2778 397 2836; x_wconf 93' lang='lat' dir='ltr'><strong>homo</strong></span> <span class='ocrx_word' id='word_1_228' title='bbox 422 2779 504 2836; x_wconf 91' lang='lat' dir='ltr'><strong>cuius</strong></span> <span class='ocrx_word' id='word_1_229' title='bbox 525 2778 615 2854; x_wconf 87' lang='lat' dir='ltr'><strong>paulo</strong></span> <span class='ocrx_word' id='word_1_230' title='bbox 635 2780 704 2836; x_wconf 92' lang='lat' dir='ltr'><strong>ante</strong></span> <span class='ocrx_word' id='word_1_231' title='bbox 729 2777 867 2852; x_wconf 82' lang='lat' dir='ltr'><strong>exquisiti</strong></span> <span class='ocrx_word' id='word_1_232' title='bbox 886 2781 957 2838; x_wconf 90' lang='lat' dir='ltr'><strong>sunt</strong></span> <span class='ocrx_word' id='word_1_233' title='bbox 976 2780 1066 2854; x_wconf 89' lang='lat' dir='ltr'><strong>sinus,</strong></span> <span class='ocrx_word' id='word_1_234' title='bbox 1089 2800 1151 2840; x_wconf 92' lang='lat' dir='ltr'><strong>non</strong></span> 
     </span>
     <span class='ocr_line' id='line_1_30' title="bbox 138 2865 1151 2945; baseline 0.006 -22"><span class='ocrx_word' id='word_1_235' title='bbox 138 2865 261 2925; x_wconf 86' lang='lat' dir='ltr'><strong>referret</strong></span> <span class='ocrx_word' id='word_1_236' title='bbox 279 2866 311 2923; x_wconf 91' lang='lat' dir='ltr'><strong>in</strong></span> <span class='ocrx_word' id='word_1_237' title='bbox 330 2866 496 2925; x_wconf 90' lang='lat' dir='ltr'><strong>cubiculum</strong></span> <span class='ocrx_word' id='word_1_238' title='bbox 515 2886 602 2926; x_wconf 91' lang='lat' dir='ltr'><strong>suum</strong></span> <span class='ocrx_word' id='word_1_239' title='bbox 620 2868 731 2925; x_wconf 85' lang='lat' dir='ltr'><strong>ferrum</strong></span> <span class='ocrx_word' id='word_1_240' title='bbox 745 2868 825 2942; x_wconf 89' lang='lat' dir='ltr'><strong>quod</strong></span> <span class='ocrx_word' id='word_1_241' title='bbox 843 2885 902 2925; x_wconf 90' lang='lat' dir='ltr'><strong>non</strong></span> <span class='ocrx_word' id='word_1_242' title='bbox 920 2870 1021 2944; x_wconf 87' lang='lat' dir='ltr'><strong>tegere</strong></span> <span class='ocrx_word' id='word_1_243' title='bbox 1039 2874 1151 2945; x_wconf 90' lang='lat' dir='ltr'><strong>posset,</strong></span> 
     </span>
    </p>
   </div>
   <div class='ocr_carea' id='block_1_4' title="bbox 138 3088 1156 3654">
    <p class='ocr_par' dir='ltr' id='par_1_5' title="bbox 138 3088 1156 3654">
     <span class='ocr_line' id='line_1_31' title="bbox 210 3088 1152 3161; baseline 0.003 -19"><span class='ocrx_word' id='word_1_244' title='bbox 210 3088 411 3143; x_wconf 89' lang='lat' dir='ltr'><strong>1discurritur</strong></span> <span class='ocrx_word' id='word_1_245' title='bbox 424 3097 456 3142; x_wconf 78' lang='grc' dir='ltr'><em>Μ</em></span> <span class='ocrx_word' id='word_1_246' title='bbox 507 3088 654 3158; x_wconf 80' lang='lat' dir='ltr'><strong>2effugit:</strong></span> <span class='ocrx_word' id='word_1_247' title='bbox 670 3088 764 3142; x_wconf 87' lang='lat' dir='ltr'><strong>effusit</strong></span> <span class='ocrx_word' id='word_1_248' title='bbox 778 3099 806 3142; x_wconf 85' lang='grc' dir='ltr'><em>Β</em></span> <span class='ocrx_word' id='word_1_249' title='bbox 857 3090 994 3144; x_wconf 79' lang='lat' dir='ltr'><strong>omaius:</strong></span> <span class='ocrx_word' id='word_1_250' title='bbox 1014 3091 1105 3161; x_wconf 86' lang='lat' dir='ltr'><strong>magis</strong></span> <span class='ocrx_word' id='word_1_251' title='bbox 1121 3103 1152 3160; x_wconf 64' lang='grc' dir='ltr'><strong>νς</strong></span> 
     </span>
     <span class='ocr_line' id='line_1_32' title="bbox 138 3160 1151 3231; baseline 0.005 -19"><span class='ocrx_word' id='word_1_252' title='bbox 138 3176 237 3213; x_wconf 84' lang='lat' dir='ltr'><strong>monus</strong></span> <span class='ocrx_word' id='word_1_253' title='bbox 256 3170 280 3213; x_wconf 78' lang='grc'><em>1</em></span> <span class='ocrx_word' id='word_1_254' title='bbox 350 3160 587 3214; x_wconf 79' lang='lat' dir='ltr'><strong>lsollicitudine:</strong></span> <span class='ocrx_word' id='word_1_255' title='bbox 608 3161 794 3223; x_wconf 64' lang='lat' dir='ltr'><strong>solitudine?</strong></span> <span class='ocrx_word' id='word_1_256' title='bbox 864 3163 928 3215; x_wconf 78' lang='lat' dir='ltr'><strong>set</strong></span> <span class='ocrx_word' id='word_1_257' title='bbox 945 3163 964 3231; x_wconf 73' lang='grc' dir='ltr'>Ξ</span> <span class='ocrx_word' id='word_1_258' title='bbox 982 3171 1014 3214; x_wconf 81' lang='lat' dir='ltr'><em>M</em></span> <span class='ocrx_word' id='word_1_259' title='bbox 1079 3165 1151 3218; x_wconf 81' lang='lat' dir='ltr'><strong>sti-</strong></span> 
     </span>
     <span class='ocr_line' id='line_1_33' title="bbox 138 3230 1153 3298; baseline 0.004 -15"><span class='ocrx_word' id='word_1_260' title='bbox 138 3247 214 3284; x_wconf 90' lang='lat' dir='ltr'><strong>more</strong></span> <span class='ocrx_word' id='word_1_261' title='bbox 237 3240 259 3282; x_wconf 77' lang='lat' dir='ltr'><strong><em>V</em></strong></span> <span class='ocrx_word' id='word_1_262' title='bbox 327 3238 359 3285; x_wconf 80' lang='lat'><strong>12</strong></span> <span class='ocrx_word' id='word_1_263' title='bbox 379 3230 481 3284; x_wconf 91' lang='lat' dir='ltr'><strong>ofensis</strong></span> <span class='ocrx_word' id='word_1_264' title='bbox 500 3241 527 3284; x_wconf 92' lang='grc' dir='ltr'><em>Β</em></span> <span class='ocrx_word' id='word_1_265' title='bbox 595 3237 627 3285; x_wconf 85' lang='grc'><strong>13</strong></span> <span class='ocrx_word' id='word_1_266' title='bbox 646 3232 697 3287; x_wconf 74' lang='lat' dir='ltr'><strong>lim</strong></span> <span class='ocrx_word' id='word_1_267' title='bbox 714 3233 746 3286; x_wconf 78' lang='lat' dir='ltr'><strong>ic</strong></span> <span class='ocrx_word' id='word_1_268' title='bbox 763 3249 817 3287; x_wconf 82' lang='lat' dir='ltr'><strong>ras.</strong></span> <span class='ocrx_word' id='word_1_269' title='bbox 832 3241 860 3284; x_wconf 97' lang='grc' dir='ltr'><em>Β</em></span> <span class='ocrx_word' id='word_1_270' title='bbox 932 3238 965 3286; x_wconf 83' lang='grc'><strong>14</strong></span> <span class='ocrx_word' id='word_1_271' title='bbox 984 3249 1029 3287; x_wconf 88' lang='lat' dir='ltr'><strong>ac:</strong></span> <span class='ocrx_word' id='word_1_272' title='bbox 1049 3233 1153 3298; x_wconf 78' lang='lat' dir='ltr'><strong>iudey</strong></span> 
     </span>
     <span class='ocr_line' id='line_1_34' title="bbox 140 3301 1152 3372; baseline 0.006 -18"><span class='ocrx_word' id='word_1_273' title='bbox 140 3307 172 3355; x_wconf 80' lang='lat'><strong>15</strong></span> <span class='ocrx_word' id='word_1_274' title='bbox 193 3301 430 3355; x_wconf 86' lang='lat' dir='ltr'><strong>dissimulatione:</strong></span> <span class='ocrx_word' id='word_1_275' title='bbox 446 3302 675 3370; x_wconf 72' lang='lat' dir='ltr'><strong>simulationem,</strong></span> <span class='ocrx_word' id='word_1_276' title='bbox 691 3303 864 3372; x_wconf 70' lang='lat' dir='ltr'><strong>dissupr.m</strong></span> <span class='ocrx_word' id='word_1_277' title='bbox 924 3309 957 3358; x_wconf 85' lang='grc'><strong>16</strong></span> <span class='ocrx_word' id='word_1_278' title='bbox 975 3320 1020 3358; x_wconf 91' lang='lat' dir='ltr'><strong>me</strong></span> <span class='ocrx_word' id='word_1_279' title='bbox 1039 3317 1090 3358; x_wconf 79' lang='lat' dir='ltr'><strong>co:</strong></span> <span class='ocrx_word' id='word_1_280' title='bbox 1110 3307 1152 3360; x_wconf 91' lang='lat' dir='ltr'><strong>mi</strong></span> 
     </span>
     <span class='ocr_line' id='line_1_35' title="bbox 139 3372 1156 3443; baseline 0.006 -18"><span class='ocrx_word' id='word_1_281' title='bbox 139 3385 170 3436; x_wconf 71' lang='lat' dir='ltr'><strong>sy</strong></span> <span class='ocrx_word' id='word_1_282' title='bbox 225 3378 256 3426; x_wconf 79' lang='lat'><strong>17</strong></span> <span class='ocrx_word' id='word_1_283' title='bbox 276 3375 348 3426; x_wconf 76' lang='lat' dir='ltr'><strong>inter</strong></span> <span class='ocrx_word' id='word_1_284' title='bbox 362 3372 456 3442; x_wconf 88' lang='lat' dir='ltr'><strong>fragor</strong></span> <span class='ocrx_word' id='word_1_285' title='bbox 474 3380 499 3427; x_wconf 83' lang='lat' dir='ltr'><strong>et</strong></span> <span class='ocrx_word' id='word_1_286' title='bbox 517 3375 614 3427; x_wconf 88' lang='lat' dir='ltr'><strong>domus</strong></span> <span class='ocrx_word' id='word_1_287' title='bbox 634 3373 697 3429; x_wconf 82' lang='lat' dir='ltr'><strong>cdd.</strong></span> <span class='ocrx_word' id='word_1_288' title='bbox 717 3390 796 3437; x_wconf 81' lang='lat' dir='ltr'><strong>mey</strong></span> <span class='ocrx_word' id='word_1_289' title='bbox 851 3379 884 3427; x_wconf 90' lang='lat'><strong>18</strong></span> <span class='ocrx_word' id='word_1_290' title='bbox 903 3377 1048 3443; x_wconf 91' lang='lat' dir='ltr'><strong>tamquam</strong></span> <span class='ocrx_word' id='word_1_291' title='bbox 1068 3388 1156 3432; x_wconf 69' lang='lat' dir='ltr'><strong>ocal</strong></span> 
     </span>
     <span class='ocr_line' id='line_1_36' title="bbox 140 3443 1153 3515; baseline 0.007 -19"><span class='ocrx_word' id='word_1_292' title='bbox 140 3449 173 3496; x_wconf 84' lang='lat'><strong>19</strong></span> <span class='ocrx_word' id='word_1_293' title='bbox 193 3443 267 3497; x_wconf 86' lang='lat' dir='ltr'><strong>sensi</strong></span> <span class='ocrx_word' id='word_1_294' title='bbox 285 3445 403 3509; x_wconf 71' lang='lat' dir='ltr'><strong>misere</strong></span> <span class='ocrx_word' id='word_1_295' title='bbox 475 3451 507 3497; x_wconf 64' lang='grc' dir='ltr'><strong>ΞΒ</strong></span> <span class='ocrx_word' id='word_1_296' title='bbox 526 3445 670 3513; x_wconf 79' lang='lat' dir='ltr'><strong>primuss</strong></span> <span class='ocrx_word' id='word_1_297' title='bbox 742 3451 774 3500; x_wconf 82' lang='lat'><strong>23</strong></span> <span class='ocrx_word' id='word_1_298' title='bbox 794 3445 908 3500; x_wconf 88' lang='lat' dir='ltr'><strong>fortasis</strong></span> <span class='ocrx_word' id='word_1_299' title='bbox 926 3455 954 3498; x_wconf 97' lang='grc' dir='ltr'><em>Β</em></span> <span class='ocrx_word' id='word_1_300' title='bbox 1023 3447 1102 3515; x_wconf 92' lang='lat' dir='ltr'><strong>loqui</strong></span> <span class='ocrx_word' id='word_1_301' title='bbox 1123 3452 1153 3503; x_wconf 88' lang='lat' dir='ltr'><strong>et</strong></span> 
     </span>
     <span class='ocr_line' id='line_1_37' title="bbox 138 3515 1152 3587; baseline 0.007 -21"><span class='ocrx_word' id='word_1_302' title='bbox 138 3515 311 3584; x_wconf 84' lang='lat' dir='ltr'><strong>interrogare</strong></span> <span class='ocrx_word' id='word_1_303' title='bbox 330 3529 361 3580; x_wconf 81' lang='grc' dir='ltr'><strong>βγ</strong></span> <span class='ocrx_word' id='word_1_304' title='bbox 433 3516 651 3584; x_wconf 69' lang='lat' dir='ltr'><strong>reposuissem:</strong></span> <span class='ocrx_word' id='word_1_305' title='bbox 671 3534 781 3584; x_wconf 90' lang='lat' dir='ltr'><strong>possem</strong></span> <span class='ocrx_word' id='word_1_306' title='bbox 800 3530 814 3581; x_wconf 81' lang='grc' dir='ltr'><strong><em>β</em></strong></span> <span class='ocrx_word' id='word_1_307' title='bbox 868 3517 991 3586; x_wconf 89' lang='lat' dir='ltr'><strong>trepida:</strong></span> <span class='ocrx_word' id='word_1_308' title='bbox 1012 3518 1111 3587; x_wconf 85' lang='lat' dir='ltr'><strong>tepida</strong></span> <span class='ocrx_word' id='word_1_309' title='bbox 1132 3530 1152 3574; x_wconf 82' lang='lat' dir='ltr'><strong>s</strong></span> 
     </span>
     <span class='ocr_line' id='line_1_38' title="bbox 139 3585 893 3654; baseline 0.007 -16"><span class='ocrx_word' id='word_1_310' title='bbox 139 3591 173 3638; x_wconf 81' lang='lat'><strong>28</strong></span> <span class='ocrx_word' id='word_1_311' title='bbox 193 3585 285 3641; x_wconf 89' lang='lat' dir='ltr'><strong>cuius:</strong></span> <span class='ocrx_word' id='word_1_312' title='bbox 306 3588 351 3640; x_wconf 89' lang='lat' dir='ltr'><strong>cui</strong></span> <span class='ocrx_word' id='word_1_313' title='bbox 370 3597 402 3640; x_wconf 82' lang='lat' dir='ltr'><em>M</em></span> <span class='ocrx_word' id='word_1_314' title='bbox 471 3592 504 3641; x_wconf 82' lang='lat'><strong>29</strong></span> <span class='ocrx_word' id='word_1_315' title='bbox 523 3585 648 3640; x_wconf 85' lang='lat' dir='ltr'><strong>refferret</strong></span> <span class='ocrx_word' id='word_1_316' title='bbox 670 3597 692 3639; x_wconf 80' lang='lat' dir='ltr'><strong><em>V</em></strong></span> <span class='ocrx_word' id='word_1_317' title='bbox 759 3587 848 3654; x_wconf 63' lang='lat' dir='ltr'><strong>ferrei</strong></span> <span class='ocrx_word' id='word_1_318' title='bbox 865 3598 893 3642; x_wconf 85' lang='lat' dir='ltr'><em>B</em></span> 
     </span>
    </p>
   </div>
   <div class='ocr_carea' id='block_1_5' title="bbox 0 0 1220 3952">
    <p class='ocr_par' dir='ltr' id='par_1_6' title="bbox 0 0 1220 3952">
     <span class='ocr_line' id='line_1_39' title="bbox 0 0 1220 3952; baseline 0 0"><span class='ocrx_word' id='word_1_319' title='bbox 0 0 1220 3952; x_wconf 95' lang='lat' dir='ltr'><strong> </strong></span> 
     </span>
    </p>
   </div>
  </div>
 </body>
</html>
