2430 3952
134 197 207 262 306,
456 195 639 251 VENENVM
657 194 828 250 EFPVSVM

133 368 232 426 totum
254 365 370 424 focinus
392 385 504 440 meum,
527 365 606 440 vivo,
627 364 802 442 respondeo,
823 382 883 423 non
906 364 989 442 fugio
1013 361 1159 442 iudicem,

134 474 195 515 non
218 454 288 513 cedo
312 454 492 514 criminibus.
529 455 591 514 iem
612 473 680 514 non·
694 453 786 513 miror
805 453 878 529 quid
900 453 949 528 sit,
971 453 1053 512 circe
1073 455 1158 530 quod

133 543 167 602 in
186 544 333 620 potientis
348 544 488 619 deceptae
507 543 693 603 crudelitatis
712 544 866 602 exaestuet
883 543 953 618 plus
967 561 1062 618 quem
1076 543 1159 604 orbi·

135 635 207 692 tetis
230 632 373 711 gaudium
396 633 476 708 quod
502 632 590 691 modo
617 631 748 709 perdidit
775 650 877 691 senex:
904 635 1097 708 speraverat,
1122 635 1158 692 nt

135 722 266 782 occidere
292 741 341 780 me
366 725 468 799 posset
493 739 559 780 meo
581 739 702 782 veneno.
749 721 800 780 sed
828 723 974 796 quotenus
1000 720 1156 782 invenisse
1181 740 1193 782 s

135 830 167 871 se
187 812 276 888 putet
299 810 378 886 quod
402 811 573 884 crederetis,
597 814 632 870 ut
655 809 895 870 contentionibus
918 810 1044 870 subinde
1070 811 1156 870 dnm-

134 900 213 960 netis
241 899 451 958 auctoritatem
474 899 510 959 de
533 918 610 959 novo
638 898 739 958 dolore
767 899 975 972 circumdaret,
1003 899 1158 960 inusitate

134 992 316 1050 commentus
345 991 398 1048 est.
443 1007 519 1064 quoe
552 989 616 1048 solo
646 988 721 1046 mihi
748 990 884 1063 superest
914 987 992 1047 ratio
1020 989 1159 1064 vivendi,

133 1079 249 1139 focinus
273 1097 310 1138 ee
330 1077 532 1154 simplicitate,
556 1095 591 1136 ee
612 1077 670 1136 fide
694 1077 807 1154 denego
831 1095 890 1152 que
913 1077 1068 1136 confessus
1089 1096 1157 1138 snm

134 1168 170 1228 de
192 1185 314 1226 veneno,
360 1165 514 1242 parricidii
537 1167 611 1244 egis.
1170 1186 1193 1227 o

201 1255 362 1315 Abstidisti
389 1255 508 1330 quidem
540 1255 614 1313 mihi
642 1256 774 1332 portem,
804 1257 840 1313 ut
872 1255 1071 1314 exclamarem
1099 1255 1158 1316 hoc

71 1382 73 1387 ,
133 1347 213 1404 loco:
246 1340 322 1403 ‘fieri
348 1362 408 1402 non
437 1340 557 1420 potest?
604 1344 665 1403 scio
693 1347 839 1420 quantum
870 1343 1036 1402 defensioni
1069 1364 1157 1405 mooe

134 1433 320 1494 difficultatis
344 1432 486 1492 adiecerit
509 1433 588 1509 quod
610 1433 788 1509 iampridem
810 1433 842 1490 in
861 1432 948 1493 domo
971 1434 1079 1493 nostm
1100 1435 1157 1494 hu-

134 1542 290 1582 manorum
315 1521 476 1600 pignorum
496 1523 576 1581 ratio
597 1541 658 1581 non
685 1524 816 1596 constet,
843 1521 894 1582 sed
920 1523 1158 1599 pronuntiatum

133 1613 229 1689 liquet
247 1614 309 1671 utri
327 1631 362 1670 ex
379 1611 465 1670 nobis
482 1611 601 1670 fecilior
618 1613 659 1671 sit
676 1611 815 1687 inpietas,
837 1612 906 1670 uter
921 1612 1007 1670 iuxta
1024 1612 1156 1674 alterius
1169 1630 1192 1672 is

132 1702 308 1780 languorem
335 1719 474 1777 supreme.
496 1719 556 1760 non
582 1699 695 1761 fecerit.
740 1703 775 1760 tu
797 1701 921 1759 unicum
945 1699 1055 1760 cotidie
1085 1721 1157 1778 pro·

133 1791 255 1850 turbere
279 1791 394 1850 coneris
413 1810 429 1849 e
448 1790 545 1865 domo,
566 1790 659 1850 velles
680 1788 813 1865 inopiam
832 1807 938 1863 meam,
961 1789 1053 1849 velles
1074 1791 1156 1867 espi-

134 1900 201 1940 cere
222 1879 401 1954 squalorem.
447 1898 501 1956 ego
525 1879 641 1938 osculor
662 1878 731 1937 illes
755 1878 928 1954 expellentis
951 1897 1075 1955 monus,
1095 1899 1156 1958 ego

135 1969 289 2029 obicientis
317 1987 414 2044 genua
440 1970 526 2027 teneo
559 1969 589 2027 et
616 1967 654 2026 ud
681 1970 799 2044 petrem
826 1967 878 2042 qui
899 1986 948 2025 me
975 1969 1041 2026 tom
1065 1972 1156 2030 ncte-

133 2058 235 2118 biliter
258 2055 331 2130 odit,
352 2074 412 2114 non
434 2056 529 2116 habeo
553 2075 605 2115 cur
626 2056 718 2116 velim
738 2056 845 2130 redire,
867 2057 894 2116 si
915 2075 975 2115 non
998 2074 1095 2116 umor.
1168 2076 1193 2118 oo

100 2151 115 2205 1
203 2144 393 2204 Heevaleret
420 2145 547 2205 nominis
574 2145 621 2205 tui
652 2145 787 2205 fortassis
815 2145 992 2219 auctoritas,
1025 2147 1051 2204 si
1086 2166 1155 2207 oon·

133 2235 230 2294 tentio
257 2233 359 2293 nostra
387 2235 531 2310 coepisset
558 2254 576 2292 e
603 2253 725 2294 veneno.
771 2236 980 2309 consumpsisti
1008 2234 1156 2312 quioquid

135 2326 189 2399 est,
203 2323 282 2399 quod
299 2326 437 2399 parentes
456 2324 493 2383 ab
512 2324 645 2383 omnium
663 2325 806 2383 scelerum
826 2323 993 2399 suspicione
1007 2322 1155 2385 defendit

134 2433 194 2474 non
220 2412 311 2473 hebet
340 2415 427 2488 poter
454 2413 532 2471 unde
564 2412 758 2488 parricidium
786 2411 823 2471 de
854 2412 916 2472 filio
944 2412 1059 2488 credet,
1094 2417 1156 2475 nisi

135 2523 222 2579 quem
240 2506 342 2578 posset
359 2502 498 2561 occidere.
535 2521 582 2560 me
602 2502 730 2578 quidem,
747 2503 843 2577 peter,
867 2505 898 2560 et
914 2501 1044 2562 infelicis
1061 2503 1156 2564 huius
1168 2522 1193 2564 re

133 2591 333 2668 persuasionis
352 2592 576 2667 simplicitatem
599 2592 625 2650 si
644 2591 710 2666 quis
728 2592 900 2668 interroget,
923 2609 977 2650 nec
995 2609 1014 2648 e.
1032 2594 1064 2649 te
1083 2613 1155 2669 par·

134 2681 272 2740 ricidium
288 2681 354 2739 fieri
375 2699 461 2755 posse
485 2680 571 2739 oredo
594 2682 654 2739 nisi
671 2699 736 2739 meo
755 2699 877 2740 veneno.
914 2680 1030 2739 fucinus
1047 2682 1156 2742 tamen

133 2772 166 2827 in
195 2770 329 2830 omnibus
356 2769 527 2828 incredibile
554 2769 728 2848 pignoribus
755 2769 847 2828 nullis
879 2767 1032 2828 difficilius
1060 2790 1155 2846 quom

134 2858 235 2918 liberis
266 2861 348 2934 puto.
394 2879 447 2918 vos
476 2858 573 2918 adhue
604 2859 637 2917 in
666 2877 804 2935 supreme.
835 2860 939 2919 nostre
967 2859 1157 2937 praecipitet

207 2993 324 3064 lfugio
342 3010 377 3048 ex
393 2992 453 3047 fuio
471 3002 500 3046 Β
587 2992 710 3046 teredo
728 3002 781 3046 BV
865 2992 942 3060 quod
960 2992 1011 3046 del.
1029 2992 1080 3048 Gr.

31 3119 34 3124 ·
135 3083 260 3154 tvendb
278 3109 306 3153 Β
395 3101 463 3153 bet
481 3121 499 3152 α
588 3104 700 3170 tnego
718 3108 778 3153 ΒΜ
866 3104 899 3153 10
916 3099 1104 3169 parricidium
1123 3111 1159 3156 Μ

136 3177 168 3225 11
188 3171 258 3225 mihi
276 3171 425 3240 quideme
477 3172 559 3240 peter
577 3170 638 3226 Scb.
701 3176 735 3224 12
754 3170 924 3225 defensionis
941 3180 963 3222 V
1023 3175 1058 3226 14
1076 3174 1155 3229 ratio

135 3291 212 3342 croc
257 3276 650 3345 15ut0r2uteri113viteriv
692 3282 726 3330 17
739 3241 849 3331 vblesB
893 3283 926 3332 18
941 3276 1160 3346 expellentes?

137 3389 169 3439 19
188 3383 322 3439 nobiliter
339 3394 360 3437 v
437 3389 471 3439 20
489 3349 580 3439 hobeo
598 3394 626 3438 Β
701 3400 765 3438 emo
785 3384 833 3439 Gr.
912 3390 945 3438 21
965 3382 1009 3438 vel
1025 3391 1093 3454 post
1109 3388 1156 3444 bui

136 3510 199 3566 odd.
214 3517 247 3564 Μ
305 3514 339 3564 24
358 3472 432 3576 gilde
450 3509 576 3563 hobetV
631 3512 665 3562 25
683 3508 765 3578 petet
782 3517 821 3576 Β,
839 3526 907 3565 corr.
922 3528 967 3578 ηις
985 3510 1015 3564 et
1033 3527 1089 3567 cm.
1103 3524 1161 3579 eye

135 3587 169 3639 28
187 3581 219 3636 in
237 3580 379 3637 omnibns:
399 3581 523 3635 moribus
542 3590 569 3634 Ρ
639 3579 794 3634 difficillius
812 3590 840 3635 Β
