2430 3952
117 189 183 256 312
420 190 422 194 ’
439 188 624 245 VENENVM
640 188 812 244 drerVM

114 360 208 435 pater.
245 359 290 421 ita
312 377 372 418 non
394 359 468 420 haec
490 377 551 418 una
574 358 863 434 vox.oomplectitur
886 376 987 418 omnes
1011 359 1134 418 calami·

114 446 213 507 tates?
249 466 309 506 non
328 446 471 506 videmini
489 467 568 507 nunc
585 448 670 508 vobis
693 449 847 507 universos
866 447 969 506 audire
987 447 1136 531 miseros?

114 538 262 613 possimus
285 537 421 596 fortassis
443 537 569 597 alionum
592 536 790 596 accidentium
809 554 928 613 sperare
950 536 1049 611 finenu
1071 557 1134 596 non

114 626 226 685 habent
256 627 459 703 proximorum
491 625 560 685 odia
590 643 766 704 regressum.
816 644 1008 701 quaecunque
1040 643 1134 685 nexus

116 733 254 790 accepere
272 717 406 789 natiuae,
425 718 456 774 et
473 734 548 792 quae
568 717 712 794 sangnine
730 714 953 790 visceribusque
971 717 1134 775 constricta
1163 736 1175 776 s

117 807 196 879 sunt,
218 823 278 863 non
296 805 437 864 laxantur
454 804 586 879 diducta,
604 804 655 862 sed
676 807 812 880 pereunt,
836 807 866 862 et
885 822 961 879 quae
980 804 1016 863 de
1034 805 1133 879 primo

115 896 218 952 tenore
241 893 381 953 nascendi
403 894 454 951 vix
475 895 508 951 in
532 894 716 953 contrarium
738 894 819 952 victa
842 892 1002 953 deflectunt
1024 892 1134 969 diuque

114 982 276 1059 pravitatis
303 1001 373 1042 suae
400 982 499 1059 rigore
526 981 636 1041 durata
666 1001 735 1040 mox
767 983 799 1039 in
826 982 987 1058 pristinum
1015 1001 1135 1042 cursum

116 1072 239 1131 remissa
265 1090 326 1130 non
352 1071 490 1145 redeunt,
524 1071 575 1130 sed
603 1089 663 1146 quo
692 1071 793 1129 totum
824 1070 941 1146 pondus
975 1089 1136 1147 omnesque

115 1162 194 1220 vires
221 1159 367 1219 inclinata
398 1162 566 1234 traxerunt,
593 1161 695 1238 vigore
729 1179 788 1235 quo
816 1160 873 1219 sibi
900 1162 1047 1235 permissa
1073 1180 1134 1220 ore·
1150 1181 1176 1220 ιο

117 1250 239 1324 sissent,
260 1250 293 1306 in
315 1249 409 1325 ipsius
431 1249 500 1308 vitii
522 1249 613 1308 robur
635 1248 816 1309 adolescunt.

64 1336 103 1392 13
184 1337 220 1396 In
249 1339 305 1397 hoc
338 1340 383 1398 est
414 1342 480 1398 tota
511 1337 687 1412 difficultas,
717 1341 753 1396 ut
783 1339 911 1414 incipiat
941 1357 1002 1398 non
1034 1357 1135 1397 amare

116 1425 214 1485 filium
232 1429 325 1503 pater.
362 1427 418 1487 hoc
437 1447 506 1486 cum
523 1427 654 1487 frontem
672 1427 865 1486 confessionis
883 1429 1002 1503 accipit,
1017 1428 1136 1502 reliqua

116 1517 276 1593 praecipiti
297 1515 397 1576 fluore
420 1517 594 1591 decurrunt,
618 1518 648 1575 et
670 1515 811 1577 redituris
835 1517 1010 1576 caritatibus
1035 1517 1137 1576 obstat

118 1605 260 1680 quicquid
280 1605 438 1664 obstiterat
456 1605 494 1664 ab
513 1606 597 1664 odiis.
634 1606 725 1665 semel
748 1605 807 1664 sibi
828 1608 966 1680 parentes
990 1604 1136 1681 liberique
1152 1625 1178 1666 15

117 1696 281 1769 mutantur,
308 1695 399 1753 semel
427 1696 611 1754 auferuntur.
656 1694 771 1769 felices,
800 1695 852 1769 qui
874 1694 986 1771 habent
1011 1696 1044 1752 in
1067 1712 1137 1754 con-

118 1783 242 1844 scientia
270 1801 324 1842 sua
348 1782 427 1859 quod
455 1784 582 1843 debeant
610 1783 779 1858 emendare,
806 1785 960 1860 corrigere.
1006 1784 1060 1842 illa
1089 1783 1137 1842 de·

119 1892 202 1931 mum
224 1875 324 1949 potest
345 1873 392 1931 ira
415 1871 548 1932 desinere
572 1891 648 1947 quae
671 1873 783 1932 coaluit
807 1892 842 1931 ex
860 1873 943 1931 vitiis
966 1872 1138 1931 liberorum.

120 1980 173 2038 ego
198 1960 270 2035 quid
297 1961 375 2019 facio
403 1963 451 2018 cui
473 1980 533 2019 non
560 1962 693 2036 luxuria,
720 1981 779 2020 non
808 1964 853 2020 est
879 1961 1024 2020 mutanda
1051 1965 1138 2037 petu-

119 2050 224 2124 lantia,
248 2050 332 2109 cuius
356 2049 505 2109 abdicatio
528 2069 588 2108 non
611 2051 647 2109 de
664 2052 739 2109 meis
762 2050 813 2110 sed
837 2050 872 2108 de
891 2051 986 2126 patris
1004 2049 1138 2109 moribus
1154 2071 1181 2110 ro

119 2136 222 2197 venit?
259 2138 371 2196 frustra.
388 2139 464 2197 mihi
482 2139 709 2213 exhortationes,
725 2141 837 2198 frustra
854 2139 1046 2199 blandientur
1059 2160 1140 2199 vana

120 2227 239 2286 solacia.
285 2226 413 2286 hominis
447 2247 535 2302 quem
567 2229 654 2304 pater
686 2227 782 2288 odisse
814 2248 875 2287 non
907 2229 1030 2302 desinit,
1061 2247 1139 2288 unus

120 2317 217 2375 exitus
241 2318 294 2390 est,
316 2319 351 2374 ut
374 2335 405 2376 sa
429 2315 532 2376 oderit.
571 2319 601 2376 et
625 2318 803 2392 quantulum
825 2317 917 2376 habet
939 2317 975 2376 de
998 2320 1063 2376 toto
1087 2318 1138 2376 do·

119 2406 182 2464 lore
205 2407 307 2463 nostro
335 2406 387 2464 ille
411 2424 468 2480 quo
492 2407 612 2465 venitur
635 2405 673 2465 ad
694 2407 836 2482 iudicem,
865 2405 947 2466 dies?
993 2425 1047 2484 ego
1071 2425 1140 2466 oum

119 2495 200 2554 dico:
227 2497 315 2570 pater
335 2514 384 2553 me
408 2494 484 2568 odit,
511 2495 589 2554 illud
616 2497 760 2555 exclamo:
788 2514 888 2555 omnes
912 2497 976 2555 sine
998 2515 1045 2555 me
1068 2500 1140 2555 sunt
1155 2518 1182 2557 25

15 2644 18 2655 ,
119 2584 190 2644 festi
204 2583 275 2659 dies,
295 2586 389 2643 omnis
409 2585 528 2642 laetitia
546 2584 609 2643 sine
628 2584 699 2658 filio,
717 2605 777 2643 non
792 2585 965 2659 adloquitur
982 2587 1140 2659 maestum,

120 2693 179 2733 non
203 2671 319 2733 adsidet
341 2673 392 2732 ille
415 2673 578 2751 languenti
625 2675 811 2752 gratissimus
836 2676 970 2750 quisquis
994 2674 1029 2732 de
1052 2673 1140 2735 nobis

122 2795 336 2804 -—-.,..—.....-—.

194 2867 296 2915 luna:
316 2861 358 2915 ita
375 2871 397 2913 V
447 2877 509 2915 com
529 2841 628 2914 ldtitur
641 2871 669 2915 Β
721 2861 880 2929 tacoipere
894 2871 958 2926 Βνβ
1009 2812 1142 2917 claxen-

84 2977 91 2991 .
121 2934 167 2985 tur
185 2941 223 3000 Β;
242 2932 384 2986 lassantur
402 2942 423 2984 V
481 2879 623 2986 mddducta
640 2941 673 2997 Vs
752 2935 887 3001 percunte
906 2942 958 2986 BV
1036 2935 1142 2987 item-

122 3016 224 3072 poree
313 2988 446 3058 deflectiit
464 3013 492 3057 Β
585 3009 617 3057 11
638 3002 815 3059 adolesciunt
837 3013 865 3057 Β
886 3004 907 3074 (i
925 3004 975 3059 del.
999 3013 1028 3057 Β
1048 3007 1089 3059 cel
1112 3009 1141 3076 o)

123 3079 155 3127 12
176 3073 358 3129 difficultates
376 3084 398 3127 V
465 3074 606 3159 incipiatt
624 3084 652 3128 Β
723 3081 756 3127 13
775 3075 864 3129 filium
883 3093 939 3129 non
958 3091 1053 3130 amare
1072 3090 1087 3140 β

121 3144 266 3214 accipiunt
281 3155 310 3199 Β
399 3150 432 3199 14
450 3145 603 3200 redditurrs
625 3156 647 3198 V
730 3152 762 3201 15
781 3145 919 3217 liberique
943 3164 976 3202 ec
993 3147 1141 3217 liberaque

122 3262 154 3305 Β
238 3258 272 3305 16
296 3252 419 3307 simelV
506 3259 539 3307 18
563 3252 652 3308 caluit
673 3263 695 3305 V
776 3258 810 3307 20
834 3237 966 3308 abdicati>
985 3262 1015 3306 Β
1089 3271 1142 3325 ps-

121 3357 185 3412 triis
205 3370 226 3410 o
295 3365 327 3412 21
347 3359 443 3430 veuit}
461 3369 493 3413 Μ
549 3343 758 3413 exhortationes
775 3359 892 3415 frustra:
912 3343 1016 3415 -tiones
1035 3359 1142 3415 frustra

122 3447 174 3485 om.
189 3439 223 3497 Β,
242 3432 273 3485 io
287 3447 372 3501 maro.
392 3431 490 3486 addo
580 3437 614 3484 22
633 3431 739 3485 desinit
757 3450 807 3487 om.
822 3441 857 3499 Β,
875 3442 985 3501 supro
1066 3450 1142 3486 unus

123 3501 202 3556 cuius
222 3501 313 3555 exitus
331 3512 356 3554 J
426 3508 459 3556 23
478 3505 518 3556 et:
539 3501 562 3578 9
581 3512 609 3556 P
669 3502 756 3557 habes
774 3512 827 3556 BV
895 3508 928 3556 27
947 3503 1142 3572 gratissimum

123 3583 155 3626 Β
225 3573 260 3627 de
278 3572 404 3627 nobis-
415 3573 542 3644 quisquis
557 3591 587 3643 p.
603 3577 691 3641 313,1
711 3591 761 3629 om.
776 3585 806 3641 J,
826 3575 917 3640 adds
