2430 3952
367 235 602 290 Dacalnnrro
621 235 685 289 xlx
700 242 813 292 10-12.
1028 236 1092 300 347

79 404 135 463 hoc
154 405 250 470 solum
268 404 365 463 dicere
390 425 425 462 ex
443 406 566 463 maximi
584 405 724 463 facinoris
744 405 953 464 colluctatione
972 407 1093 465 veniens

79 492 150 569 qnid
174 493 332 569 audierim,
360 493 493 553 nondum
516 495 591 553 scic:
618 496 700 552 totus
724 493 822 552 adhuc
849 512 916 553 sum
942 497 974 552 in
996 496 1092 570 parri-

78 582 155 640 cidio
178 601 258 658 meo,
284 586 314 642 et
336 586 405 659 post
427 586 554 642 mortem
575 583 657 642 unici
681 582 781 641 omnia
805 583 913 658 quibus
936 584 1092 658 laceratus,

78 671 189 730 occisus
219 675 278 745 est,
309 675 341 730 in
371 674 505 730 animum
534 692 634 741 meum
663 674 814 731 tormenta
843 672 1002 730 redierunt.
1048 676 1094 731 est

50 760 198 836 squidem
227 761 360 835 difficile,
389 765 425 820 ut
454 762 585 836 aliquem
614 762 680 837 pati
704 760 848 837 pudorem
877 761 1026 836 parricida
1049 763 1092 820 vi·

77 849 195 922 deutur,
218 853 422 908 verumtamen
446 854 580 926 stupore,
604 850 734 909 amentia
758 854 789 909 et
815 851 847 908 in
871 851 990 909 silentio
1014 851 1091 908 orbi-

75 940 139 996 tate
154 938 255 998 defeci.
293 940 395 998 ablata
414 942 459 999 est
477 940 552 998 mihi
570 939 703 998 omnium
722 940 881 998 verborum
895 939 977 1012 fides,
996 940 1091 999 omnis

76 1029 218 1087 sermonis
242 1030 418 1102 auctoritas
446 1047 499 1087 nec
527 1028 618 1088 habet
647 1047 767 1086 causam
794 1028 937 1103 loquendi
960 1028 1009 1087 cui
1032 1047 1092 1087 non

74 1119 174 1192 potest
204 1118 291 1176 credi.
342 1118 456 1192 desine,
486 1117 605 1191 mulier,
635 1117 827 1194 interrogare.
878 1118 974 1176 filium
1004 1137 1091 1192 quem
1106 1115 1144 1170 12

34 1227 61 1266 ιο
76 1206 184 1264 occidit
219 1209 319 1283 pater,
356 1226 410 1265 nec
447 1206 599 1266 absolvere
636 1225 689 1264 nec
726 1225 864 1265 accusare
901 1207 962 1264 iam
995 1206 1090 1265 debet.

76 1289 181 1370 ‘quid',
203 1295 315 1370 inquit,
339 1290 435 1369 ‘dixit
459 1314 525 1354 cum
549 1291 727 1354 occideres?
775 1296 914 1354 miseram
937 1296 1091 1371 parricidii

73 1385 275 1442 innocentiam
299 1385 378 1460 qnod
400 1385 457 1442 hoc
479 1404 525 1441 me
548 1404 608 1443 non
630 1387 776 1461 potestaS,
805 1403 864 1442 non
887 1386 1090 1462 magistratus

73 1491 133 1530 non
155 1473 340 1548 propinquus
364 1473 487 1548 aliquiS,
510 1492 570 1531 non
593 1473 720 1547 amicus,
745 1492 805 1531 non
828 1474 880 1531 ille
908 1492 1024 1549 semper
1046 1474 1089 1534 lo-

75 1581 153 1636 quax
175 1561 304 1636 populus
329 1581 363 1620 ac
385 1562 535 1639 malignus
562 1563 737 1638 interrogat.
780 1563 944 1638 quiescitis,
974 1563 1089 1622 tacetis.

32 1670 59 1712 ιι
73 1669 120 1708 me
149 1651 311 1708 infelicem!
341 1650 485 1728 numquid
513 1651 595 1710 scitis
623 1649 745 1709 omnes?
784 1653 860 1727 puta
881 1671 942 1724 me,
972 1653 1089 1720 mulier,

72 1739 128 1797 hoc
151 1739 208 1798 tibi
224 1740 413 1815 respondere,
434 1758 495 1798 non
512 1739 624 1798 habent
641 1738 829 1798 incredibilia
846 1759 957 1798 vocem.
1000 1759 1088 1816 quas-

73 1827 141 1887 dam
170 1830 285 1888 maiora
314 1832 384 1888 sunt
414 1849 501 1904 quem
532 1831 568 1887 nt
596 1829 650 1887 illa
681 1830 781 1904 capiat
809 1828 914 1888 modus
945 1831 1088 1889 sermonis

71 1917 203 1976 humani.
249 1921 285 1976 tu
307 1938 377 1977 vero
401 1917 485 1977 crede
512 1917 589 1976 nihil
616 1917 698 1976 aliud
720 1918 811 1978 fuisse
835 1937 927 1993 qnam
949 1920 1088 1977 furorem.

71 2000 216 2066 insanisse
239 2027 286 2065 me
309 2010 391 2084 puta
433 2006 571 2066 videbam
595 2026 670 2083 quae
693 2026 754 2065 non
775 2007 901 2083 fiebant3
929 2008 1088 2066 audiebam

30 2117 58 2157 ac
73 2114 148 2169 quae
167 2115 252 2154 nemo
272 2096 397 2155 dicebat
434 2097 490 2155 hcc
511 2097 607 2156 solum
625 2114 684 2154 non
702 2096 879 2155 insanientis
898 2097 988 2190 habui
1009 2097 1088 2172 quod

14 2250 19 2258 ¹
71 2184 215 2243 tacebam

138 2274 230 2351 Finge
253 2295 300 2332 me
322 2275 513 2351 respondere:
543 2270 631 2333 nihil
659 2274 747 2348 dixit,
776 2275 853 2332 nihil
875 2276 992 2334 locutus
1019 2272 1083 2335 est'

71 2381 131 2420 non
158 2362 272 2422 credis?
314 2365 420 2439 atquin
446 2365 542 2423 multo
571 2367 669 2422 minus
698 2363 847 2423 creditura
875 2364 946 2438 quid
970 2364 1086 2422 dixerit.

72 2453 185 2526 accipe,
208 2452 327 2526 mulier,
350 2453 469 2511 brevem
491 2471 652 2529 veramque
675 2454 836 2528 rationem,
866 2454 972 2511 curin
996 2471 1086 2527 quae·
1124 2493 1126 2498 ·

28 2562 56 2602 ιι
71 2540 167 2598 stione
194 2540 310 2599 iuvenis
338 2541 450 2600 occisus
478 2544 531 2600 est.
572 2541 748 2617 torquebam
774 2560 828 2600 nec
855 2541 1086 2618 interrogabam.

71 2632 96 2687 si
120 2647 179 2703 qua
198 2628 235 2686 ad
259 2648 344 2688 aures
363 2633 430 2689 tuas
455 2631 491 2688 ab
510 2630 565 2688 illa
585 2633 720 2705 quamvis
738 2631 853 2688 remota
872 2630 976 2688 domus
1000 2631 1086 2706 parte

69 2719 187 2793 perlata
205 2737 263 2776 vox
282 2720 334 2792 est,
349 2737 432 2776 meus
452 2720 579 2796 gemitus
593 2720 660 2794 fuit,
679 2739 812 2778 meorum
830 2721 976 2778 viscerum
992 2719 1085 2777 dolor.

70 2808 203 2882 qnaeris,
233 2826 284 2865 cur
307 2807 383 2865 nihil
410 2805 537 2866 dixerit?
579 2807 650 2883 quia
679 2827 739 2866 non
769 2808 877 2866 habuit
906 2807 985 2883 quod
1009 2809 1083 2866 scire

68 2897 189 2970 vellem,
213 2895 293 2971 quod
326 2895 428 2954 andire
459 2896 603 2955 deberem.
649 2897 725 2955 nihil
756 2896 838 2955 aliud
870 2898 1003 2971 quaestio
1031 2897 1085 2955 illa

141 3092 155 3138 1
175 3102 220 3138 ex:
241 3087 269 3138 et
288 3097 303 3148 β
382 3083 578 3138 coniunctione
596 3093 665 3152 ΒΜ;
684 3083 912 3138 coniunctatione
934 3093 989 3149 VP3
1010 3101 1084 3138 com-

68 3155 224 3210 mutatione
248 3165 279 3222 ες
309 3155 488 3209 cunctatione
513 3166 540 3222 s,
568 3172 635 3210 corr.
664 3177 709 3222 ηις
742 3153 942 3209 colluctatione
969 3155 1083 3210 veniens

68 3243 119 3280 om.
139 3238 159 3278 c
236 3227 330 3281 venies
349 3236 401 3280 BV
483 3227 886 3295 aparricidio:1tca‘scodicis
908 3236 929 3279 V
1005 3233 1083 3281 dre-

68 3300 181 3387 dierunt
199 3342 228 3386 Β
330 3339 344 3386 6
368 3336 539 3399 verumtffic
633 3333 763 3388 orbitatis
783 3342 820 3400 Μ,
839 3349 908 3388 corr.
926 3355 970 3401 ηις
992 3351 1043 3389 om.
1063 3347 1084 3386 o

70 3411 102 3459 13
121 3404 226 3472 loquax
244 3421 277 3459 ec
294 3405 446 3488 loquas153
466 3405 547 3459 locax
564 3415 600 3473 M,
620 3422 687 3460 corr.
702 3427 734 3458 m
807 3409 839 3458 18
857 3405 955 3458 umani
973 3414 1012 3472 Β;
1031 3422 1082 3460 om

67 3485 101 3531 M
180 3482 212 3530 19
232 3476 409 3530 insanissime
427 3485 456 3529 B
534 3479 603 3561 puto
622 3499 657 3544 ως
676 3494 744 3532 corr.
765 3489 781 3528 s
867 3475 1016 3530 fiebant—
1027 3494 1083 3530 non

67 3549 144 3603 ΗΟ.
160 3563 210 3603 om.
225 3557 260 3616 Β,
274 3548 365 3603 cddss
353 3565 385 3601 ec
398 3566 484 3618 mary
498 3519 669 3616 coperiant
724 3553 757 3600 22
776 3557 920 3617 memeB
972 3553 1007 3600 24
1021 3549 1083 3602 bre

66 3634 129 3674 vem
150 3634 223 3688 quae
240 3633 380 3686 veraquac
398 3627 457 3671 ΒΜ
527 3625 559 3673 27
579 3635 669 3674 meus
689 3619 778 3674 omnis
796 3605 830 3673 ’Β
