2430 3952
393 203 627 258 DECLAMATIO
647 203 685 258 VI
700 209 811 258 14-1s.
1045 205 1108 269 125

96 373 196 433 adhue
217 392 278 432 non
296 392 369 450 opus
393 375 439 432 est
460 373 532 447 filio,
556 392 610 450 ego
633 373 695 431 iam
712 392 793 451 rogo.
830 386 934 449 nempe
954 374 1109 433 calamitas

95 465 151 521 tua
173 464 246 521 nata
269 465 315 522 est
336 464 406 539 post
433 463 591 538 epistolam
613 481 717 521 meam.
763 463 822 520 nisi
844 465 874 521 te
898 463 1019 521 flentem
1042 483 1110 522 oon-

96 552 191 619 solari
212 551 293 610 iilius
316 553 469 626 voluisset,
493 554 562 610 ante
586 552 761 611 eaecitatem
783 554 870 610 tuam
892 553 1006 611 exisset.
1038 552 1111 612 noli

94 641 213 715 mirari,
241 641 267 700 si
289 643 319 699 te
342 634 442 717 gratia
464 640 565 716 vineo3
592 642 661 699 ante
685 642 804 699 exoravi
826 640 936 715 filium,
963 660 1053 716 quarn
1076 644 1111 700 tu

52 751 82 797 ,s
96 748 226 808 rogares.

166 817 199 877 Si
221 820 380 894 quisquam
402 816 580 895 figuratione
599 819 728 893 quadam
750 820 783 876 in
800 819 856 876 bae
873 818 1020 878 malorum
1043 837 1111 877 oon-

96 907 213 967 dioione
241 908 369 967 iudioem
395 909 502 982 ponat,
530 908 651 966 fortuna
675 926 785 983 quaeso
814 907 893 966 absit
915 909 998 966 ouius
1025 910 1111 965 tanta

96 997 254 1057 calamitas
277 997 344 1055 fuit.
391 995 556 1054 abstulerat
579 997 699 1072 quidem
721 995 779 1055 tibi
802 997 902 1056 oculos
927 996 1036 1054 nimius
1060 995 1111 1053 ad-

96 1087 205 1162 isotuS,
234 1085 322 1144 etde
346 1086 477 1160 quinque
505 1103 605 1143 rerum
628 1085 763 1144 sensibus
790 1104 860 1160 pars
883 1104 943 1144 una
969 1084 1111 1159 cessabat,

55 1196 84 1239 ro
98 1177 129 1234 et
145 1175 292 1249 tenebras,
311 1172 403 1232 etiam
422 1173 513 1232 salvis
532 1174 694 1232 luminibus
713 1175 873 1248 alternans,
893 1176 1034 1234 continua
1053 1194 1110 1233 nox

97 1263 230 1324 duxerat.
276 1264 373 1321 maius
396 1264 564 1322 esttamen
593 1263 708 1322 malum
733 1264 813 1340 quod
836 1263 879 1322 sie
904 1263 1000 1322 fletur.
1042 1282 1112 1321 narn
1126 1265 1164 1320 lt

96 1355 133 1411 ut
154 1353 261 1412 merito
286 1352 371 1427 queri
397 1353 494 1428 possis
522 1351 638 1410 ablatas
666 1352 787 1411 videndi
809 1354 992 1427 voluptates,
1019 1352 1112 1427 impe-

97 1442 178 1501 ditos
204 1461 304 1500 rernm
332 1442 429 1515 actus,
461 1443 576 1515 tamen,
610 1442 635 1499 si
662 1460 722 1499 non
749 1441 845 1515 iniqui
871 1440 982 1499 indices
1012 1459 1111 1500 sumus

97 1549 152 1590 nee
175 1529 331 1590 ambitiose
353 1530 468 1604 miseri,
495 1532 565 1588 sunt
587 1549 663 1606 quae
690 1530 736 1588 his
759 1530 871 1589 mederi
897 1530 1020 1605 possint.
1066 1548 1111 1588 re-

56 1640 84 1683 is
97 1621 208 1694 feram,
234 1637 294 1677 non
322 1619 419 1677 solum
443 1620 514 1694 quia
536 1618 681 1677 vincenda
708 1619 796 1693 mihi,
823 1618 875 1678 sed
897 1619 993 1696 magis
1021 1619 1112 1677 etiam

99 1710 173 1785 quia
201 1707 380 1767 consolanda
408 1727 446 1767 es.
492 1727 563 1766 nam
586 1707 704 1783 qnando
732 1726 818 1766 omne
844 1710 1026 1766 tormentum
1049 1726 1112 1766 eor-

98 1799 182 1874 poris
205 1797 297 1871 abest,
321 1796 463 1872 dolorque
485 1798 683 1856 membrorum
707 1797 760 1871 qui
781 1799 879 1855 totam
901 1798 1113 1874 cogitationem

98 1887 186 1946 inse
212 1885 306 1962 rapit,
334 1886 462 1945 feliciter
489 1888 597 1960 cessat,
623 1889 770 1962 superest,
798 1889 833 1944 ut
855 1887 966 1945 oruoiet
988 1885 1114 1944 nimium

99 1976 196 2036 otium
226 1977 257 2033 et
285 1974 404 2033 assidua
428 1977 525 2050 quies:
553 1994 612 2051 res,
641 1977 667 2033 si
689 1995 749 2034 non
772 1975 833 2033 sint
855 1976 1043 2050 necessitate,
1069 1974 1112 2033 io·

58 2087 86 2127 eo
100 2064 222 2124 eundae.
263 2083 333 2122 nam
355 2065 437 2122 visus
460 2064 602 2123 damnum
625 2065 758 2123 sarciunt
780 2065 912 2139 reliquae
934 2065 1113 2141 voluptates,

100 2153 182 2228 o'dor,
202 2155 316 2230 gustus,
333 2154 441 2228 taetus,
460 2153 593 2227 auditus,
616 2153 722 2229 quibus
740 2155 899 2212 tamenetsi
918 2153 1016 2213 deesse
1035 2172 1113 2212 sum-

99 2262 181 2302 mam
208 2241 364 2300 fatendum
391 2244 449 2316 est,
476 2261 536 2301 non
564 2244 609 2301 est
635 2245 736 2300 tamen
763 2243 910 2300 maximae
933 2242 1113 2301 calamitatis

99 2333 166 2392 loeo
190 2331 375 2390 numeranda
396 2350 503 2407 parum
525 2331 615 2408 plena
637 2332 773 2390 felicitas.
817 2331 921 2390 domus
945 2335 1023 2390 certe
1045 2349 1112 2407 pro·

100 2421 168 2497 pria
194 2420 348 2495 lectusque
377 2419 517 2497 genialis,
547 2423 709 2479 conventus
737 2421 985 2496 propinquorum,
1018 2438 1113 2478 sermo

59 2531 87 2578 as
102 2511 278 2582 amisorum,
300 2508 366 2585 ipsa
393 2541 430 2549 -
457 2509 537 2584 qnod
559 2528 627 2567 raro
651 2508 798 2586 contingit
820 2541 864 2548 —
887 2509 1011 2567 honesta
1035 2509 1113 2567 oala-

100 2598 191 2664 mitas
215 2601 246 2657 et
268 2597 299 2655 in
323 2617 499 2674 quacunque
522 2598 643 2657 fortuna
664 2598 753 2657 beata
775 2598 912 2656 libertas:
939 2599 986 2655 tot
1008 2597 1113 2671 volup-

172 2810 305 2874 4qnam:
325 2803 373 2872 qd’
395 2812 422 2855 ι·
496 2785 666 2857 flmalordm
684 2812 712 2855 Β
792 2802 921 2856 Sooulos
940 2801 995 2856 tibi
1013 2811 1046 2855 Μ

64 2914 66 2918 -
101 2881 136 2931 10
154 2877 278 2931 alternas
296 2885 318 2928 V
387 2879 420 2928 14
440 2873 603 2928 ambitiose:
623 2873 741 2929 ambitio
759 2890 795 2928 ne
812 2884 843 2940 J,
861 2892 880 2927 n
898 2875 930 2927 iu
948 2891 961 2927 s
979 2885 1003 2940 ⁴3
1025 2874 1113 2928 ambi-

99 2948 214 3003 tiones
303 2961 375 3016 qnae
393 2947 471 3000 Dess.
486 2963 515 3014 p.
531 2949 579 3012 973
599 2945 648 3014 qui
666 2967 689 2997 ω
773 2944 818 2999 his
836 2945 954 2999 mederi:
974 2945 1018 2998 his
1037 2946 1114 3000 ederi

100 3028 162 3088 ης
187 3017 304 3072 insideri
323 3026 381 3082 Μβς
406 3016 532 3071 misereri
555 3017 599 3070 his
622 3016 699 3070 ederi
718 3029 748 3083 o,
771 3016 878 3070 mederi
900 3027 934 3079 ys
1005 3017 1115 3085 possint

105 3100 169 3155 Vre:
194 3091 259 3159 poss
273 3098 311 3157 11;
336 3090 455 3158 possunt
473 3097 506 3141 Μ
583 3087 684 3156 quibus
710 3087 817 3141 mederi
841 3087 932 3156 possit
954 3089 1113 3155 Asoeasius3

100 3161 205 3231 quibus
223 3160 330 3215 mederi
347 3159 486 3230 possimus
501 3159 570 3226 ΒΜ
590 3159 639 3227 qui
658 3158 712 3212 sibi
726 3158 833 3212 mederi
851 3159 961 3228 possint
974 3161 1013 3213 H.
1024 3177 1053 3228 p.
1065 3164 1101 3214 57
1107 3182 1114 3227 ς

100 3248 176 3302 quae
201 3232 308 3286 mederi
332 3232 442 3300 possint
466 3233 545 3286 Dese.
560 3249 590 3300 p.
606 3233 644 3284 97
742 3246 814 3297 quae
838 3229 958 3283 referam
983 3229 1042 3285 sa.

102 3308 136 3358 lo
160 3303 240 3373 quia:
265 3302 352 3373 quis
432 3301 637 3356 etiam-nam
656 3309 742 3356 om.s
827 3307 860 3354 16
885 3300 1058 3356 consolanda
1079 3311 1113 3368 Β,

100 3379 136 3431 ed
155 3374 319 3430 solantia?
370 3389 399 3427 es
421 3382 476 3426 VP:
496 3375 539 3426 est
556 3382 616 3427 ΒΜ
631 3371 686 3442 (vel
704 3389 747 3426 res
766 3389 841 3442 eamr.
855 3374 935 3443 udo
1002 3378 1034 3426 18
1054 3390 1115 3426 oru-

100 3445 162 3501 oiat
179 3455 222 3513 M,
241 3463 309 3502 corr.
323 3466 355 3498 m
445 3450 478 3498 1a
498 3445 613 3498 assidua
630 3461 663 3498 ee
681 3444 794 3498 adsidua
810 3452 839 3497 Β
927 3443 1063 3498 iocundae
1083 3464 1113 3496 a:

100 3518 243 3572 ineundae
261 3529 313 3581 syn
365 3521 398 3569 20
416 3515 479 3570 visu
492 3524 525 3568 M
575 3521 607 3569 21
624 3520 688 3584 post
705 3517 798 3570 taetus
816 3515 880 3571 add.
897 3515 1062 3579 odoratnss

99 3588 217 3645 'camebi
235 3600 272 3653 ss
341 3587 451 3642 deesset
467 3596 520 3641 BV
588 3592 621 3640 25
639 3603 703 3641 rara
721 3597 753 3656 J,
769 3599 865 3643 ceres
