2430 3952
385 166 619 222 DEOLAMATIO
638 167 703 222 XVI
717 174 795 222 2-3.
1030 167 1097 232 293

84 335 248 409 tendimus,
275 337 305 394 et
328 337 414 411 quasi
436 336 553 396 facilius
577 339 653 396 esset
674 336 707 393 in
728 331 852 414 ter<re>
874 335 961 410 fides,
982 337 1099 413 placuit

85 424 140 484 sub
165 427 281 484 incerta
309 425 409 502 pelagi
439 425 602 485 cohaerere.
647 443 701 485 neo
730 427 834 485 ,tamen
865 428 1014 501 vanitate,
1043 426 1135 485 nect

85 513 219 573 discursu
246 515 358 590 putetis
381 516 542 574 extractos:
569 533 693 592 magnas
717 516 747 573 et
771 515 989 591 inexplicabilis
1016 517 1100 574 neri-

86 602 178 679 gandi
205 602 296 662 fuisse
319 621 422 662 causes
445 604 492 662 vel
520 604 589 662 hine
611 605 737 681 potestis
760 605 918 664 aestimare
941 604 1018 679 quod
1047 622 1100 663 nos

59 710 146 751 cnon
169 691 298 751 detinuit
319 692 393 751 hoec
414 696 519 752 meter.
556 695 694 755 utrumne
717 694 819 770 igitur,
841 693 963 768 iudices,
986 711 1101 754 sumere

86 781 122 841 de
144 780 231 840 nobis
254 783 346 839 etium
368 800 448 841 nuno
470 782 567 841 voluit
592 784 825 858 experimentum
843 784 919 858 ,ipse
946 776 1101 841 amicitie?

86 872 117 929 et
138 889 245 946 perum
267 870 389 929 fortune
411 871 506 929 credit
527 871 696 930 hominibus
716 871 811 930 adhuc
833 872 953 930 tentrim
975 871 1102 930 feliciter

87 957 278 1018 ementibus?
311 978 348 1018 an
366 959 440 1018 haee
459 962 504 1019 est
521 978 647 1038 magnae
666 978 781 1036 semper
800 959 948 1035 opinionis
966 957 1101 1019 invidio?

86 1066 141 1106 neo
163 1048 219 1106 ulli
240 1067 373 1122 unquam
396 1050 459 1107 tom
482 1049 571 1124 plenu
589 1050 771 1109 confessione
790 1049 959 1122 laudantur,
981 1050 1017 1107 ut
1033 1049 1101 1108 illos

47 1156 74 1196 ro
87 1156 148 1196 non
174 1139 241 1213 ipse
267 1155 386 1212 quoque
414 1139 548 1197 amicitie
574 1140 722 1215 temptare
745 1136 840 1197 velit?
884 1137 1022 1197 litoribus
1050 1157 1101 1215 op-

86 1227 167 1302 pulsi
190 1245 304 1300 sumus,
331 1226 478 1301 homines,
503 1245 628 1302 quorum
652 1229 752 1287 omniu
775 1245 873 1302 cesus,
899 1228 982 1286 fame
1004 1229 1101 1287 eusto-

87 1313 197 1388 diebat‚
221 1317 422 1380 consumimur
444 1319 556 1375 terrore
580 1317 631 1391 qui
654 1316 827 1392 perentibus
850 1318 955 1375 statim
975 1318 1101 1376 coecitas
1203 1356 1205 1360 ι

88 1405 140 1462 est.
186 1405 255 1463 hino
281 1403 358 1463 illud
386 1407 485 1464 evenit
513 1404 592 1480 quod
619 1424 720 1465 sumus
747 1407 860 1481 puriter
887 1406 1013 1483 alligati.
1060 1406 1102 1464 sic

86 1494 183 1570 magis
212 1493 352 1552 adversus
381 1494 513 1553 solutum
540 1513 639 1553 carcer
665 1494 803 1553 inventus
827 1498 879 1553 est.
925 1493 1030 1571 pudet,
1056 1495 1101 1552 iu-

47 1599 73 1640 is
88 1581 175 1656 dices,
198 1583 300 1640 fateri:
328 1585 389 1640 iam
411 1584 443 1641 in
466 1584 522 1641 hoe
545 1585 655 1656 victus,
677 1585 739 1641 ism
761 1583 884 1642 inferior
907 1585 1021 1642 recessi,
1067 1603 1102 1641 ex

87 1670 204 1730 duobus
227 1672 323 1748 magis
348 1676 466 1730 ematur
487 1691 575 1747 quem
592 1674 739 1748 tyrannus
762 1674 886 1748 paratus
905 1675 950 1731 est
968 1672 1101 1750 elligere.

155 1757 307 1828 Quantum
329 1761 395 1835 tibi,
418 1763 521 1835 amice,
544 1758 657 1820 debeo?
692 1780 753 1819 non
775 1763 875 1837 potuit
892 1780 947 1821 nos
970 1761 1101 1820 dividere

87 1848 146 1907 nisi
173 1852 276 1909 meter.
321 1849 377 1907 tibi
405 1851 534 1925 primum
558 1850 684 1909 coecitas
713 1851 854 1908 nuntiato
877 1852 934 1924 est,
959 1852 1030 1909 tuus
1052 1850 1102 1909 hic

88 1937 221 1998 edfeetus
249 1939 309 1996 fuit
334 1938 413 2014 quod
435 1939 491 1998 hoo
518 1939 644 1998 eredidit
671 1943 827 2014 tyrannus.
874 1939 946 2014 quid
968 1939 1019 1997 ille
1042 1958 1102 1997 non

47 2046 75 2086 20
88 2027 173 2086 feeit!
206 2029 241 2085 ut
271 2046 323 2086 rex
350 2027 531 2087 desideravit
558 2029 703 2086 monrium
731 2047 849 2104 corpus,
878 2028 1029 2104 amplexus
1057 2030 1103 2086 est

88 2119 217 2175 catenes.
264 2116 402 2193 sponderi
434 2117 492 2176 sibi
523 2119 619 2176 voluit
649 2118 799 2187 hominem
831 2117 1004 2176 rediturum.
1049 2137 1103 2192 per

87 2205 197 2280 meria,
225 2225 279 2281 per
310 2208 437 2265 matrem
469 2207 640 2283 repromisit
666 2205 702 2265 de
729 2207 850 2266 incertis
883 2210 1038 2282 tamquam
1065 2206 1101 2264 de

79 2295 188 2352 enimc
217 2311 277 2354 suo.
324 2296 390 2370 quis
418 2294 571 2354 hominum
598 2314 652 2372 pro
680 2314 711 2355 se
741 2298 806 2354 tem
837 2296 933 2354 multa
964 2292 1103 2355 fecisset?

88 2382 250 2457 praestitit,
272 2385 405 2460 inquom,
428 2386 550 2459 amicus,
573 2375 726 2461 praestitit
748 2403 811 2443 rem
834 2405 923 2460 quem
945 2384 1103 2444 videbatur

48 2490 76 2532 25
90 2471 157 2530 ideo
181 2473 325 2556 tyrannus
347 2474 515 2548 indulsisse,
538 2492 574 2531 ne
597 2473 689 2548 fieret,
713 2476 743 2532 et
765 2474 915 2532 hominem
934 2475 986 2548 qui
1007 2473 1039 2530 in
1057 2492 1102 2530 re-

163 2731 294 2834 ldquesi
312 2775 340 2818 Β
410 2732 455 2820 oet
472 2776 500 2819 Β
570 2767 600 2820 in
618 2769 694 2821 torre
713 2780 740 2821 s:
764 2766 837 2820 inter
855 2788 877 2818 ω
945 2765 1041 2819 fideles
1060 2773 1101 2832 Μς

88 2837 195 2891 fidoss
267 2837 445 2892 sincerus
498 2838 568 2908 tm}
586 2846 619 2891 Μ
678 2838 788 2892 tinter
806 2836 987 2906 explicabiles
1007 2858 1025 2890 α
1043 2836 1101 2909 (-lis

88 2911 146 2978 NJ
161 2921 181 2960 c
264 2915 352 2962 dnos
368 2924 432 2962 nes
448 2926 505 2963 non
522 2918 550 2962 Β
634 2908 792 2963 odetinuit
809 2926 842 2962 ees
861 2908 989 2962 detenuit
1005 2916 1034 2960 Β

88 2979 171 3034 haee:
191 2978 274 3034 hies
328 2979 426 3049 eipso
440 2990 534 3046 ΒΜ,
554 2980 618 3035 add.
631 3002 653 3042 p
709 2979 894 3034 ioredidits
947 2979 1102 3034 Sementi-

89 3050 141 3105 bus
160 3068 194 3105 ex
212 3050 371 3105 umentibus
389 3059 417 3103 Β
496 3050 596 3105 9illss
614 3061 667 3104 BV
745 3057 777 3105 10
796 3051 974 3106 non-velit
992 3068 1042 3105 om.
1057 3060 1102 3117 ²¹¹3

90 3121 259 3176 amicitie-
270 3120 339 3176 velit
356 3138 406 3177 om.
421 3131 491 3175 mu
543 3122 578 3177 ed
596 3122 726 3177 litoribus
740 3129 799 3176 ΒΗ
814 3123 861 3193 (ab
875 3133 906 3190 ⁶3
925 3138 942 3176 e
956 3123 1000 3192 10);
1020 3138 1037 3177 e
1055 3121 1102 3175 lit·

89 3191 197 3247 toribus
215 3203 244 3262 1⁷3
263 3193 412 3264 {litoribus
426 3203 459 3247 Μ
530 3199 561 3247 11
582 3194 658 3247 omni
675 3202 765 3261 Βνιῆ
784 3193 874 3248 omnis
891 3203 919 3248 J¹
986 3198 1018 3248 12
1038 3208 1102 3246 eon-

36 3314 39 3318 s
90 3263 224 3318 sumimus
237 3275 298 3318 ΒΜ
312 3268 390 3335 (corr.
405 3266 447 3333 m)
462 3278 483 3317 c
560 3272 593 3318 14
611 3265 736 3318 iudicum
754 3275 783 3317 Β
854 3271 885 3318 16
905 3266 1015 3319 emetor
1032 3274 1053 3316 v

91 3339 124 3389 18
137 3333 202 3388 sios
215 3335 269 3390 tibi
287 3345 315 3389 Β
382 3340 414 3389 19
434 3338 570 3404 tyrannus
589 3335 743 3401 crediditis
807 3341 840 3389 20
859 3334 1059 3390 desideraverit
1080 3356 1102 3387 ω

85 3413 196 3475 praeter
209 3417 238 3474 η
258 3406 467 3462 desideraverat
479 3407 553 3475 Seh.;
571 3407 641 3462 feeit
653 3409 686 3460 ut
700 3408 857 3461 dimitterer
869 3424 918 3461 rex
933 3407 1103 3462 desideravit

89 3480 167 3535 nes.
178 3496 208 3549 p.
224 3482 263 3533 se
335 3484 368 3533 21
387 3477 520 3548 ponderis
538 3478 578 3532 iu
597 3488 618 3531 ν
674 3484 708 3532 ss
726 3465 912 3554 hossiminum
928 3488 957 3532 n
1009 3484 1043 3531 24
1061 3477 1102 3530 vs-

89 3550 176 3605 debet
192 3559 221 3608 Β
302 3556 336 3605 to
354 3549 430 3604 ideo:
451 3548 541 3617 ds113
561 3549 661 3604 debere
679 3561 703 3603 1
786 3551 913 3621 tyrannis
931 3560 969 3616 Β,
988 3567 1056 3604 corr.
1071 3568 1103 3601 m
