2430 3952
124 193 197 261 ,314
406 243 410 249 .
454 193 827 250 renumeraverat
856 240 857 244 ,

125 382 219 440 paras
241 363 417 425 lassitudine
439 363 635 423 miserorum?
681 366 858 440 consumpta
880 365 925 422 est
946 364 980 421 in
1006 363 1151 437 lacrimis,

125 456 162 512 in
188 453 325 530 precibus
352 454 448 527 aetas,
475 455 572 512 exacti
598 453 734 513 sordibus
762 453 837 528 dies,
861 454 1011 512 anxietate
1035 455 1150 513 noctes.

130 543 203 619 quid
230 543 305 602 mihi
327 544 431 602 eontra
453 543 526 618 tam*
539 542 677 619 indigna,
704 545 768 602 tam
795 544 900 620 gravia
927 541 1080 619 promittit
1101 544 1150 600 in·

129 630 275 710 tegritas?
312 629 445 691 abdicari
468 631 555 690 debet
578 650 666 707 quem
687 633 844 691 nocentem
866 633 953 708 pater
975 629 1048 707 odit
1070 633 1151 691 mori

131 741 218 797 quem
240 723 436 780 innocentem.
1176 740 1188 780 s

77 809 115 866 15
197 805 268 869 ‘Sed
290 812 325 868 ut
347 804 521 884 credamus,
548 809 661 885 inquit,
685 803 825 869 ‘voluisse
847 810 879 867 te
899 809 991 883 mori,
1019 826 1073 867 our
1094 827 1148 885 po-

129 899 279 960 tissimum
305 894 450 958 veneno?
496 898 592 975 possis
620 898 754 974 quidem,
780 902 875 974 pater,
901 898 979 957 hanc
1001 896 1037 956 de
1064 899 1150 956 omni

129 1006 337 1064 supremorum
359 1006 465 1065 genere
488 988 574 1046 litem
596 987 694 1046 facere
717 987 926 1062 morientibus3
954 987 984 1044 et
1006 987 1080 1062 quia
1101 1006 1149 1046 re·

128 1098 196 1137 rum
217 1079 327 1137 natura
348 1078 449 1135 varias
471 1077 603 1137 fatorum
625 1078 689 1136 vias
712 1075 839 1135 indulsit
858 1076 986 1149 animae,
1006 1077 1040 1133 in
1062 1075 1148 1134 nullo

129 1185 189 1225 non
213 1166 294 1225 exitu
316 1165 408 1225 simili
425 1167 542 1224 ratione
564 1165 767 1241 deprehendas
786 1164 927 1240 quicquid
946 1164 1074 1223 electum
1091 1167 1147 1224 est.
1162 1185 1188 1226 ιο

129 1257 172 1314 sic
185 1274 274 1332 super
291 1256 429 1314 strictum
447 1254 651 1330 nudatumque
667 1272 838 1314 mucronem
856 1254 1069 1330 proclamares:
1092 1272 1149 1313 cur

129 1363 189 1403 non
206 1342 341 1403 veneno?
377 1343 428 1403 sed
450 1343 526 1403 nihil
544 1347 591 1403 est
608 1343 764 1403 delicatius
788 1343 870 1402 exitu
888 1362 976 1419 quem
999 1360 1059 1401 non
1078 1360 1148 1419 snp-

129 1434 229 1509 plicia,
252 1453 312 1492 non
329 1436 435 1508 metus,
458 1433 509 1492 sed
528 1433 653 1492 collecta
671 1433 707 1490 de
726 1431 948 1491 calamitatibus
967 1431 1148 1496 conmendat

128 1521 295 1582 infirmitas.
336 1523 411 1581 mihi
432 1525 534 1582 tamen
555 1523 715 1598 praecipue
738 1540 806 1580 cum
827 1521 884 1580 hoc
905 1522 1012 1580 mortis
1034 1522 1148 1580 instru-

128 1615 228 1671 mento
258 1613 381 1690 propria
413 1611 571 1671 eoncordia
598 1612 655 1670 est:
688 1630 747 1669 non
779 1611 896 1688 spargit
926 1629 1061 1670 eruorem
1092 1629 1147 1670 nee
1161 1622 1187 1670 1⁶

128 1703 243 1761 hueem
264 1701 416 1761 cadaveris
443 1701 588 1778 relinquit
615 1703 782 1777 aspectum·
809 1697 928 1774 placida
956 1701 1013 1774 est,
1042 1699 1147 1775 quieta

129 1793 182 1850 est.
227 1791 429 1868 ingratissime
460 1809 561 1864 senex,
593 1808 648 1868 ego
682 1792 712 1848 et
738 1789 794 1849 hoc
825 1790 868 1847 sio
896 1787 1050 1847 moriendo
1078 1807 1148 1865 pro·

129 1898 291 1957 spexeram‚
314 1897 351 1937 ne
373 1898 421 1938 me
444 1879 586 1938 occidisse
609 1879 688 1938 alius
710 1877 870 1938 videretur.

196 1969 238 2027 Te
257 1969 330 2026 tunc
348 1967 546 2044 apprehendo,
568 1969 600 2025 te
621 1968 783 2044 interrogo,
806 1969 905 2043 pater.
928 1967 973 2025 ita
994 1931 1148 2042 parricida

129 2075 195 2115 sum
218 2075 272 2134 ego
296 2057 349 2130 qui
370 2075 516 2115 venenum
539 2055 672 2114 adfero
663 2056 837 2115 rodomum
859 2058 944 2114 tuam
961 2057 1147 2131 inparatum,
1162 2076 1187 2116 ro

128 2145 214 2219 rude,
242 2145 411 2220 terendum,
434 2147 483 2204 cui
504 2147 569 2204 tam
591 2145 688 2204 multa
714 2147 842 2220 restant,
872 2146 942 2203 ante
965 2163 1056 2220 quam
1078 2145 1149 2204 dari

130 2232 245 2309 possit?
290 2236 334 2292 ita
356 2233 507 2309 parricida
530 2252 597 2292 sum
618 2235 672 2310 qui
694 2233 778 2293 iuxta
801 2238 830 2293 te
854 2251 965 2310 quaero
990 2236 1148 2309 secretum,

130 2324 183 2399 qui
212 2323 248 2380 de
275 2325 397 2400 potione
423 2324 480 2383 tibi
508 2325 636 2398 incerta,
668 2341 758 2398 quam
786 2342 873 2382 nemo
900 2323 1022 2397 detulit,
1054 2341 1148 2398 quam

129 2413 313 2489 simpliciter,
332 2415 396 2471 tam
413 2412 502 2472 facile
515 2410 676 2487 respondi?
708 2413 812 2473 secedo
830 2414 864 2470 in
881 2411 993 2472 medios
1012 2415 1148 2489 penates,

129 2502 227 2562 nullos
250 2501 288 2559 ab
310 2502 438 2560 introitu
459 2520 611 2578 praepono
635 2501 780 2576 custodes,
803 2520 863 2561 non
885 2500 967 2560 evito
990 2503 1147 2577 transitis,
1162 2521 1187 2562 rs

15 2592 18 2599 '
128 2609 188 2650 non
212 2591 334 2650 excludo
356 2594 505 2651 venturos.
551 2609 639 2668 rogo,
661 2592 763 2649 utrum
784 2590 858 2649 haec
881 2592 982 2650 omnia
1004 2593 1075 2650 sunt
1098 2609 1148 2650 oo-

128 2680 225 2740 oidere
253 2681 381 2741 volentis
409 2700 448 2739 an
474 2679 574 2740 mori?
619 2698 765 2740 venenum
793 2680 873 2755 quod
898 2679 957 2738 tibi
979 2682 1147 2756 pararetur,

128 2771 291 2829 invenisses
311 2769 494 2845 absconsum,
517 2769 712 2844 reconditum
735 2769 865 2828 multum
883 2771 962 2828 circa
984 2768 1062 2827 illud
1080 2769 1147 2846 pal-

201 2963 215 3009 1
235 2956 411 3011 miseriarum
432 2956 479 3011 Gr.
549 2956 644 3010 adies
663 2973 697 3011 ecc
715 2957 780 3010 dees
799 2965 827 3009 Β
897 2961 914 3010 4
932 2955 1111 3010 innocentem
1129 2967 1153 3012 V

130 3033 145 3080 8
164 3028 379 3096 generalitatem
396 3037 419 3080 ι’
500 3033 516 3080 9
535 3026 674 3082 factorum
691 3037 713 3079 V
795 3031 828 3081 10
849 3027 1038 3097 reprehendas
1057 3038 1074 3079 a

130 3104 162 3151 12
182 3099 433 3152 sed-infirmitas
453 3100 470 3153 l.
485 3103 520 3153 14
538 3115 589 3153 ora.
604 3111 626 3152 c
696 3103 729 3153 14
752 3115 797 3153 me
815 3099 887 3153 mihi
905 3109 933 3152 P
1001 3100 1092 3152 morto
1110 3108 1147 3166 Β,

128 3233 258 3307 corat·
321 3229 354 3278 15
377 3188 478 3294 propia
496 3233 524 3277 Β
607 3223 716 3294 spargit
734 3232 768 3292 Β,
785 3192 888 3278 cmo
980 3228 1012 3277 1⁶
1032 3225 1075 3278 est
1092 3240 1146 3281 om.

66 3326 70 3331 '
132 3338 154 3380 V
208 3312 294 3399 qudta
312 3339 340 3383 Β
411 3335 444 3384 19
463 3330 675 3400 apprehendam
692 3339 714 3382 V
783 3334 816 3384 20
835 3309 936 3383 sehim
952 3339 982 3383 Β
1049 3336 1084 3385 21
1103 3333 1147 3386 te·

115 3436 203 3497 ,nend
266 3445 325 3492 ΒΜ
340 3437 418 3506 (corr.
432 3439 474 3507 m)
554 3443 587 3492 22
606 3418 682 3492 irdta
695 3446 724 3491 Β
786 3398 929 3504 scorteum
942 3446 970 3491 Β
1049 3442 1084 3490 24
1102 3453 1148 3492 re-

129 3507 230 3576 spondi
256 3517 284 3561 Β
346 3513 380 3561 26
399 3511 529 3568 euntem.
544 3519 572 3562 P
639 3508 735 3562 occide
753 3517 792 3576 Β,
811 3506 940 3562 occidit
1009 3512 1043 3561 27
1061 3523 1147 3577 para-

128 3580 205 3633 retur
223 3597 257 3635 ec
274 3581 425 3650 paracetur
443 3589 471 3633 Β
541 3585 575 3635 28
593 3579 771 3634 reconditum
788 3579 909 3634 multum
928 3578 1003 3633 circa
1021 3580 1063 3635 bia
1080 3589 1110 3633 Β
1171 3615 1180 3626 »
