2430 3952
141 219 207 285 326
428 218 587 280 ‚INFAMIS
605 219 646 273 IN
664 219 822 273 MATREM
839 219 853 272 Ι

142 386 255 448 credit?
284 407 373 463 quam
397 389 449 463 qui
471 391 587 463 narrat,
615 388 753 466 adsignat
776 386 849 447 alii?
893 407 994 447 rumor
1016 406 1064 448 res
1093 390 1163 449 sine

140 479 230 552 teste,
258 479 321 536 sine
348 478 459 551 iudice,
487 496 533 536 res
557 496 592 534 ex
613 479 734 537 incertis
761 477 984 553 inprobissima‚
1012 477 1162 556 maligne,

109 567 237 624 lfallax
265 569 295 625 et
322 565 427 625 similis
455 566 574 625 silentio
601 567 662 625 tuo.
709 566 782 642 quid
813 569 844 625 et
874 569 938 642 ipse
970 566 1006 625 de
1037 587 1162 628 rumore

142 655 275 730 senseris,
298 657 343 714 vis
366 655 496 714 breviter
517 653 660 731 probem?
696 657 852 715 tormentis
877 655 1079 731 quaerendum
1103 677 1163 733 pu·

141 744 214 803 testi
237 764 275 802 an
297 764 402 803 verum
430 744 548 803 diceret.
594 762 664 803 sane
688 746 728 803 sit
751 745 853 819 aliqua
875 745 988 821 publici
1011 748 1161 805 sermonis
1189 766 1200 806 c

142 833 304 893 aucteritas
327 833 452 907 inillis,
476 833 514 891 ad
537 852 612 908 quae
636 833 681 892 fas
705 836 750 892 est
772 834 876 910 populi
900 835 1054 909 pervenire
1077 836 1161 894 noti-

138 925 223 982 tiam.
270 922 369 995 video,
392 940 444 980 cur
467 922 615 981 adulteria
637 922 827 998 proferantur
849 925 881 980 in
904 922 1034 982 fabulas:
1064 924 1161 1000 expli·

142 1013 247 1071 cantur
278 1031 332 1087 par
362 1013 541 1087 ministeria,
577 1028 631 1086 per
663 1012 807 1086 conscios,
843 1011 956 1070 habent
986 1014 1161 1072 inconsulta

141 1101 260 1176 gaudia.
311 1118 380 1176 pars
413 1101 578 1176 uoluptatis
610 1100 729 1159 videtur
761 1119 822 1160 esse
854 1103 987 1160 iactatio.
1039 1101 1160 1162 facinus

142 1209 220 1264 vero,
244 1190 292 1248 cui
315 1190 341 1248 si
359 1190 405 1249 fas
429 1190 482 1264 est,
505 1189 633 1247 utillud
651 1189 798 1248 humanae
816 1192 924 1249 mentis
945 1191 1046 1266 capiat
1064 1191 1161 1249 auda·
1175 1211 1199 1251 ro

143 1279 197 1353 cia,
220 1278 420 1337 circumdatur
442 1278 572 1354 undique
594 1296 652 1336 nox
674 1278 831 1354 profunda,
856 1279 973 1338 densior
991 1279 1089 1357 caligo
1115 1283 1160 1340 te·

142 1367 299 1426 nebrarum
324 1365 403 1442 quod
426 1369 564 1426 nocentes
593 1369 653 1427 suis
678 1386 795 1443 quoque
819 1369 911 1427 oculis
934 1370 986 1427 vir
1007 1368 1160 1446 fatentur,

141 1475 201 1515 non
224 1474 321 1530 serve,
344 1475 404 1516 non
426 1456 557 1515 creditur
581 1456 715 1515 ancillae.
761 1457 834 1532 quid
855 1457 1057 1532 internuntiis,
1084 1459 1161 1533 quid

142 1563 216 1622 opus
231 1547 275 1605 est
289 1543 483 1605 ministeriis?
504 1545 614 1604 sufficit
632 1544 749 1604 animus
769 1546 902 1620 duorum,
922 1546 1051 1621 explicat
1069 1566 1160 1607 omne

140 1634 220 1694 filius
243 1638 396 1709 materque
419 1636 572 1695 secretum.
609 1636 755 1693 incestum
778 1637 863 1693 tanto
886 1631 1091 1695 incredibilius
1114 1638 1160 1696 est
1175 1655 1198 1696 is

143 1726 254 1799 quanto
279 1724 361 1783 etde
380 1724 433 1782 illo
452 1725 551 1800 plures
570 1724 715 1783 locuntur.
753 1743 770 1782 0
789 1725 898 1783 misera
917 1724 1050 1784 condicio
1069 1743 1159 1784 sexus

141 1815 225 1872 cuius
252 1815 335 1888 ipsae
362 1813 536 1888 plerumque
559 1813 685 1872 virtutes
713 1811 830 1872 fabulas
859 1815 976 1890 parant.
1022 1832 1074 1872 cur
1098 1815 1160 1874 ista

141 1901 232 1960 nullis
264 1901 296 1958 in
327 1901 481 1976 publicum
512 1901 623 1978 gaudet
655 1899 841 1978 egressibus?
886 1902 965 1960 unde
999 1902 1161 1962 adversum

143 2009 242 2049 omnes
261 1992 325 2049 tam
342 1990 441 2066 rigida
459 1992 653 2064 conversatio,
672 1993 735 2048 tam
754 2009 872 2050 seuerus
892 1989 1048 2050 adfectus?
1079 1993 1160 2051 nihil

143 2079 336 2154 concupiscit,
367 2079 442 2136 nihil
470 2097 540 2155 ergo
568 2078 736 2138 desiderat?
782 2079 861 2140 filius
887 2081 1020 2156 possidet
1050 2085 1161 2141 cuncta
1175 2100 1200 2140 ro

142 2169 289 2243 tempora,
317 2167 471 2226 uniuersos
500 2170 656 2243 occupavit
684 2169 831 2243 adfectus,
859 2169 938 2229 filius
961 2169 1067 2228 matris
1092 2174 1162 2230 tota

142 2258 265 2315 iactatio
289 2258 340 2314 est.
377 2275 459 2334 rogo,
481 2256 626 2332 numquid
645 2256 817 2317 adamavit?
863 2258 936 2316 mihi
955 2258 1074 2333 credite,
1099 2279 1161 2319 non

144 2348 189 2404 est
216 2345 411 2404 nefandorum
442 2347 501 2404 ista
532 2346 716 2421 simplicitas.
763 2346 814 2420 da,
842 2349 878 2405 ut
909 2347 949 2407 sit
976 2348 1048 2406 haec
1078 2349 1163 2408 inter

142 2437 269 2494 matrem
292 2453 327 2493 ac
349 2434 445 2492 filium
468 2436 662 2510 conscientia,
688 2439 812 2511 parcent
835 2437 943 2495 osculis
965 2437 1080 2512 palam,
1109 2438 1162 2497 ab·

143 2524 295 2584 stinebunt
313 2542 412 2582 coram
430 2526 516 2599 patre
535 2524 743 2600 complexibus,
765 2527 860 2584 omnis
879 2526 1069 2584 familiaritas
1089 2527 1161 2585 sub·
1177 2546 1202 2587 as

142 2615 306 2691 stringetur
331 2614 364 2670 in
391 2613 525 2689 publi00‚
553 2632 714 2687 sermones,
738 2632 874 2673 occursus
903 2633 1001 2674 coram
1029 2617 1161 2676 servulis

141 2703 316 2777 libertisque
334 2701 481 2777 vitabunt,
505 2705 535 2761 et
557 2702 679 2761 maximi
702 2704 819 2762 sceleris
839 2704 927 2762 ardor
948 2703 1082 2779 captabit
1107 2706 1161 2764 ad-

108 2789 255 2855 8fectare
278 2793 466 2868 gravitatem.
512 2791 596 2868 elige,
619 2791 768 2867 parricida
792 2792 871 2867 quod
893 2794 988 2866 voles,
1010 2794 1162 2852 incestum

143 2880 268 2958 diligens
292 2882 462 2956 suspectum
484 2900 543 2938 non
568 2881 632 2955 erit,
656 2881 814 2958 neglegens
838 2881 1075 2957 deprehenditur.

215 3021 229 3067 1
249 3014 298 3083 qui
316 3032 367 3069 om.
382 3023 420 3080 M,
438 3032 514 3082 supr.
529 3035 560 3066 m
632 3030 725 3068 rumor
742 3031 798 3068 rea:
818 3018 914 3071 rumde
934 3017 975 3086 (ic
988 3033 1073 3086 marg.
1089 3019 1115 3085 r)
1130 3027 1164 3070 Μ

144 3120 267 3174 2ὶηάἰοε
280 3130 332 3174 BV
387 3120 494 3174 3falax
507 3130 539 3174 M
591 3103 734 3192 lputdtig
748 3123 771 3190 (s
786 3124 832 3192 er.)
847 3131 879 3175 M
931 3121 1077 3192 tpublica
1094 3123 1161 3178 cer.

144 3191 285 3245 bnotiam
304 3202 335 3245 Μ
395 3193 491 3246 Vvide
505 3193 564 3247 Scb.
626 3192 803 3262 proferentur
822 3203 843 3246 V
902 3194 1012 3248 febulas
1031 3203 1068 3260 M,
1088 3210 1161 3251 corr.

142 3283 175 3315 m
247 3268 280 3316 10
304 3264 328 3316 ei
346 3281 396 3318 cm.
416 3273 437 3315 V
518 3263 590 3317 illud
609 3264 646 3317 ad
663 3263 803 3318 humanae
821 3274 842 3317 V
924 3265 1011 3334 capiti
1031 3265 1068 3318 ad
1092 3276 1115 3318 V

145 3338 176 3387 11
196 3350 290 3402 unque
309 3344 346 3402 M,
366 3335 533 3404 diruperit
613 3339 646 3387 13
670 3335 759 3389 credit
777 3345 798 3388 V
872 3343 904 3390 15
926 3336 1064 3390 incertum
1082 3347 1113 3391 B

145 3428 177 3476 ιτ
197 3406 312 3476 virtutes
335 3432 363 3476 a
435 3430 467 3478 ra
487 3424 618 3478 adversus
634 3432 665 3476 rr
718 3430 750 3477 re
768 3424 857 3508 nichil
873 3434 901 3478 a
954 3431 987 3478 se
1006 3426 1161 3494 numquid:

143 3546 199 3583 non
218 3529 287 3598 quid
302 3540 329 3583 Ρ
412 3537 446 3583 24
465 3547 510 3585 ac:
531 3533 559 3584 et
577 3542 597 3583 c
685 3536 718 3584 25
739 3513 850 3584 om1⁵13
934 3536 967 3584 27
987 3532 1116 3601 captavit
1134 3542 1164 3587 Β

141 3606 177 3655 28
196 3601 282 3672 elige:
301 3601 400 3673 fligee
473 3606 505 3656 29
525 3603 669 3671 suspectus
690 3611 734 3667 Me
805 3603 1062 3672 deprehendeture
