2430 3952
401 182 633 239 unmsunno
652 184 704 240 Vn
719 191 794 240 1-s.
1042 189 1108 254 135

95 353 229 414 emnium
260 353 432 414 mortali-um
462 356 546 429 peto,
578 373 614 412 ne
645 371 712 412 oum
739 355 888 430 inaudita,
920 355 1107 415 incredibilia

95 460 201 518 passus
224 443 289 517 sim,
311 441 444 501 misereri
466 442 566 501 velitis
590 443 720 518 corporis
743 445 814 517 mei;
838 444 985 504 crudelius
1009 447 1039 504 et
1060 447 1105 503 in-

96 530 215 609 dignius
239 534 284 590 est
307 550 397 606 quam
419 534 564 606 torqueri,
591 550 650 590 non
672 534 831 608 impetrare
858 537 1014 593 tormenta.
1060 537 1106 594 est

95 612 289 679 adversorum
310 638 443 680 meorum
466 623 496 678 et
522 621 581 680 ista
603 623 722 680 nentes
745 622 824 696 quod
850 639 966 682 necesse
989 622 1105 682 bebetis

48 727 81 768 :a
96 727 132 768 ca
154 708 229 767 mihi
250 710 367 768 ratione
390 726 558 768 succurrere
581 728 640 784 qua
663 709 798 770 edissetis
821 711 926 769 alium:
949 729 1003 769 nec
1024 712 1104 786 quic·

96 816 188 873 quam
211 799 256 856 est
277 797 395 856 bomine
417 798 574 872 infelicius
596 817 650 874 pro
674 817 732 874 quo
754 800 903 858 tormenta
926 801 1002 859 sunt.
1039 820 1104 876 per-

94 903 245 946 cussorem
267 905 286 946 a
308 907 355 945 me
378 885 434 944 filii
456 888 515 945 mei
537 887 636 946 visum
655 905 717 946 esse
736 888 888 947 contendo.
926 889 1041 947 facinus
1060 891 1105 948 est

94 975 151 1035 boc
169 992 223 1034 vos
245 994 306 1034 non
328 975 552 1051 deprehendere,
575 977 601 1035 si
623 976 809 1036 mendacium
833 979 885 1036 est.
922 978 1037 1036 facinus
1059 981 1105 1036 est

94 1064 151 1124 hcc
173 1083 220 1122 me
243 1083 302 1123 non
324 1064 459 1140 probare,
482 1065 508 1124 si
528 1084 631 1123 verum
654 1068 706 1124 est.
744 1065 823 1140 quod
845 1065 883 1125 ad
906 1085 953 1125 me
976 1066 1104 1141 quidem,

53 1152 220 1227 roindices,
251 1154 393 1228 pertinet,
426 1154 562 1212 orbitatis
592 1171 675 1212 mese
702 1157 804 1229 repeto
830 1158 1042 1231 praesentiam,
1075 1157 1105 1214 et

93 1244 212 1301 noctem
239 1241 324 1301 illam
345 1260 447 1302 rursus
475 1245 544 1301 ante
568 1242 666 1303 oculos
694 1261 775 1302 meos
803 1246 997 1321 cogitationes
1020 1263 1104 1321 repo-

93 1333 178 1389 nunt.
224 1331 285 1390 iam
311 1332 386 1390 mibi
409 1331 511 1391 videor
543 1333 573 1390 et
600 1333 632 1389 in
664 1334 819 1391 tormentis
852 1350 914 1392 esse
946 1334 1103 1392 confessus.

93 1419 203 1494 filium,
229 1420 354 1495 iudices,
381 1420 474 1482 habui
500 1421 576 1480 sicut
604 1419 692 1478 erecti
716 1439 751 1479 ac
778 1420 912 1480 sublimis
940 1422 1032 1480 animi
1060 1423 1104 1482 ita

94 1508 148 1585 qni
170 1508 301 1575 nondum
328 1527 395 1569 suos
422 1508 545 1568 haberet
571 1507 705 1567 inimicos
730 1512 760 1567 et
782 1529 870 1584 quem
895 1529 980 1568 nemo
1008 1511 1104 1570 adhuc

50 1614 80 1655 rs
93 1598 154 1657 nisi
175 1614 264 1657 causa
286 1600 405 1657 tantum
427 1592 617 1656 msi'dcloris
640 1597 792 1657 occideret.
829 1617 846 1657 o
868 1602 1026 1674 parentum
1048 1602 1103 1657 mi-

93 1704 160 1746 sera
183 1686 328 1761 condicio,
357 1704 447 1762 quam
469 1688 553 1746 novis
576 1686 786 1761 inusitatisque
812 1688 949 1761 patemus
975 1688 1102 1746 insidiis!

92 1792 148 1835 nos
176 1793 397 1851 exasperamus,
424 1793 478 1835 nos
507 1775 693 1850 offendimus,
722 1775 836 1834 inimici
864 1779 965 1835 tamen
994 1775 1103 1836 liberos

92 1866 211 1924 nostros
234 1865 367 1924 oderunt.
414 1866 480 1939 quis
503 1864 558 1924 hcc
581 1882 725 1939 unquam,
751 1864 877 1938 iudices,
905 1865 1104 1924 simultatium

92 1952 243 2013 timuisset
263 1956 425 2031 ingenium,
448 1956 482 2012 ut
500 1952 602 2012 eodem
620 1953 729 2028 aliquis
752 1954 932 2031 excogitaret
955 1955 1054 2013 animo
1074 1957 1104 2014 et

50 2058 80 2100 ee
94 2042 176 2118 quod
197 2042 295 2118 parcit
317 2045 348 2102 et
371 2042 447 2118 quod
472 2040 600 2101 occidit?
644 2041 769 2117 reliqua,
792 2043 912 2117 iudices,
934 2061 993 2103 non
1017 2043 1103 2103 debe-

91 2131 163 2191 bam
185 2133 244 2190 nisi
265 2131 297 2189 in
321 2133 493 2207 quaestione
515 2150 643 2190 narrare.
680 2132 780 2191 felices
802 2132 871 2191 illos
893 2133 925 2190 in
947 2133 1007 2191 mei
1025 2151 1104 2192 com·

91 2219 248 2297 paratione
275 2224 376 2296 patres
400 2220 452 2295 qui
473 2223 584 2296 perisse
606 2219 714 2278 liberos
740 2238 807 2280 snos
830 2223 943 2280 nuntiis
968 2222 1102 2280 credunt!

92 2328 148 2387 ego
171 2328 237 2369 snm
255 2309 391 2368 inaudita
409 2309 556 2368 malorum
573 2310 706 2367 novitate
723 2327 879 2384 percussus
898 2310 980 2370 cuius
999 2311 1102 2369 unicus

91 2398 160 2459 ideo
182 2400 302 2458 tautum
324 2399 437 2458 occisus
461 2400 513 2472 est,
536 2399 572 2456 ut
593 2398 731 2456 viderem.

49 2502 78 2543 aa
160 2486 392 2546 Revertebamur
408 2489 494 2546 nocte
513 2486 633 2563 pariter,
652 2488 729 2546 sicut
747 2487 847 2546 omnia
869 2506 923 2547 nos
941 2489 1021 2546 vitae
1044 2490 1099 2545 mi-
1118 2488 1139 2542 t

91 2576 217 2636 nisteria
243 2576 419 2653 iungebant,
449 2579 479 2635 et
505 2576 638 2634 homines
666 2575 772 2650 quibus
799 2594 858 2634 non
888 2594 987 2635 servos
1016 2595 1101 2650 prae-

90 2664 194 2725 stabat
210 2665 331 2725 fortuna
349 2665 492 2739 custodes,
512 2664 671 2723 tuebamur
686 2683 849 2740 pauperem
867 2667 971 2723 mutua
988 2665 1101 2740 pietate

90 2755 269 2814 comitatum
297 2753 425 2813 invicem
456 2755 647 2828 sustinentes,
678 2756 806 2813 invicem
837 2753 931 2811 innixi
961 2772 1014 2812 nec
1043 2755 1102 2813 nisi

91 2861 203 2921 magna
223 2843 406 2919 percussoris
428 2842 584 2920 diligentia
607 2843 778 2918 separandi,
806 2860 874 2901 oum
896 2843 978 2902 dives
1003 2843 1100 2903 medio

50 2933 189 2992 anoctis
223 2933 344 2991 horrore
375 2931 478 2991 stricto
510 2950 649 2991 mucrone
680 2932 819 3007 prosiluit
850 2934 881 2990 et
912 2932 1101 3007 stupentibus

92 3023 288 3096 attonitisque
319 3021 433 3080 miseris
461 3020 593 3080 confodit
620 3021 706 3081 illum
738 3021 904 3094 fortiorem,
935 3020 1022 3079 illum
1049 3021 1101 3096 qui

164 3243 360 3298 ladverscrii'r
374 3253 402 3296 P
453 3245 531 3298 8est
545 3259 594 3297 cm.
614 3255 645 3307 sy
700 3247 732 3295 13
750 3241 870 3296 sullimis
883 3251 916 3295 111
963 3248 995 3296 15
1015 3258 1100 3296 causa

91 3313 149 3368 mei
166 3315 277 3369 tantum
296 3314 399 3368 doloris
417 3316 464 3370 aad
481 3316 586 3368 additas
602 3315 690 3384 siquis
707 3314 929 3384 baumoeiticaie
950 3324 972 3367 V
1028 3316 1098 3368 ccci·

92 3386 174 3440 deret
190 3386 331 3456 acciperet
348 3403 364 3440 o
384 3396 411 3439 ι·
494 3391 526 3439 16
546 3401 645 3454 qnam:
665 3385 740 3452 quod
759 3395 785 3438 P
874 3391 906 3438 18
925 3383 1101 3439 simultatum

91 3465 143 3511 m
219 3462 253 3510 19
272 3458 384 3512 eosdem
402 3466 435 3510 Μ
516 3456 675 3526 excogitare
694 3469 715 3508 o
797 3461 831 3509 20
855 3456 972 3511 debeam
994 3465 1031 3508 Vq

92 3567 126 3617 80
146 3546 244 3632 ncctds
266 3572 289 3615 V
355 3563 497 3634 prosiliuit
518 3572 539 3615 V
