2430 3952
138 179 182 244 50
487 177 595 232 lunas
613 176 805 230 MARIANVS

138 348 195 407 hoo
217 347 385 424 exemplum
406 348 437 404 in
460 349 598 406 neutram
619 347 735 423 partem
757 349 856 423 potest
878 349 979 407 taceri.
1016 349 1156 424 cogitare

140 439 253 495 certum
276 436 375 496 estid
398 454 551 512 quemque,
579 453 646 493 cum
668 435 795 511 iudicat,
820 435 945 512 probaro
968 435 1041 512 quid
1063 436 1098 494 in
1121 457 1156 496 re

140 526 230 585 simili
256 528 320 600 ipse
347 526 471 584 fecisset.
519 524 654 584 omnibus
684 527 763 583 enim
792 525 830 583 ad
859 525 945 584 virile
976 525 1067 584 robur
1098 546 1156 602 per

139 615 300 689 pueritiam
326 616 384 673 iter
411 617 469 688 est,
501 615 531 672 et
558 614 619 671 iam
648 617 751 673 contra
782 614 936 672 libidinem
966 615 1155 674 maturuisse

139 723 198 762 non
212 704 339 779 prodest.
376 721 552 780 recognosce
565 704 746 761 incrementa
759 706 812 760 tua
831 706 861 762 et
876 704 1031 762 honestam
1045 705 1155 764 tantae
1184 723 1195 764 e

139 793 339 870 magnitudini
361 791 535 850 memoriam
557 793 700 868 pristinae
723 793 884 850 tenuitatis.
922 793 984 850 sine
1005 792 1097 852 dubio
1122 798 1160 854 te,

139 882 178 941 ad
200 883 247 940 tot
270 882 442 940 consulatus
461 884 490 940 et
509 883 590 939 actos
610 881 662 939 aut
680 881 843 940 destinatos
861 881 1027 956 triumphos
1047 882 1156 943 divina

138 972 233 1030 virtus
261 973 316 1030 tua
344 970 473 1030 sustulit.
519 972 666 1028 memento
694 972 808 1044 tamen,
835 973 864 1028 et
887 974 921 1029 tu
946 969 1000 1030 sub
1027 971 1155 1032 tribuno

138 1060 292 1133 militasti,
318 1077 372 1117 nec
396 1058 511 1117 adhoc
537 1058 692 1135 fastigium
715 1057 870 1136 dignitatis
897 1061 961 1118 tam
983 1059 1067 1119 brevi
1093 1060 1156 1119 tibi

140 1151 240 1206 venire
264 1148 445 1224 contigisset
468 1146 494 1206 si
516 1165 580 1206 sero
604 1147 756 1224 coepisses.
1170 1169 1196 1210 ro

87 1237 123 1291 11
206 1235 312 1295 Dicam
339 1253 418 1294 nuno
443 1254 497 1314 ego
524 1236 715 1311 praeeipuam
742 1255 856 1312 semper
883 1255 984 1295 curam
1006 1237 1154 1300 liemarus

140 1325 271 1384 moribus
298 1325 459 1401 pudicitiae
486 1322 597 1384 fuisse?
641 1325 767 1384 referam
789 1325 958 1384 Lucretiam
981 1346 1057 1403 quae
1082 1346 1155 1387 con-

140 1414 203 1473 dito
225 1417 257 1472 in
279 1415 392 1473 viscera
414 1431 469 1472 sua
490 1414 568 1472 ferro
591 1433 718 1489 poenam
740 1433 758 1472 a
782 1432 813 1473 se
838 1417 1023 1474 necessitatis
1050 1419 1157 1494 exegit

140 1506 179 1577 et,
203 1507 239 1562 ut
258 1523 347 1578 quam
366 1504 497 1578 primum
514 1502 638 1578 pudicus
657 1505 772 1562 animus
792 1522 810 1560 a
828 1502 944 1578 polluto
963 1522 1086 1580 corpore
1106 1525 1154 1566 ss-

139 1594 305 1669 pararetur,
328 1611 359 1651 se
381 1594 447 1667 ipsa
470 1593 624 1668 percussit,
648 1593 718 1667 quia
742 1595 942 1667 corruptorem
965 1613 1025 1652 non
1046 1597 1155 1669 potuit
1170 1614 1196 1654 1⁶

139 1679 290 1740 cecidere?
336 1682 362 1740 si
384 1699 462 1740 nunc
484 1682 583 1755 placet
604 1681 662 1739 tibi
683 1681 782 1755 miles,
805 1682 877 1757 quid
900 1700 955 1759 ego
978 1680 1155 1760 Virginium

139 1789 256 1829 narrem
283 1772 335 1846 qui
361 1769 440 1829 filiae
467 1770 686 1847 virginitatem,
718 1789 777 1845 qua
803 1771 868 1829 sola
894 1773 1025 1846 poterat,
1052 1775 1155 1832 morte

140 1859 272 1917 defendit
305 1861 483 1934 raptumque
516 1858 551 1916 de
587 1859 720 1933 proximo
757 1859 868 1916 ferrum
904 1879 964 1918 non
999 1864 1156 1920 recusanti

139 1949 256 2022 puellae
278 1946 443 2006 immersit?
479 1947 582 2006 divisit
603 1948 650 2006 illi
672 1947 769 2007 solum
786 1947 918 2023 Appium
941 1969 1029 2024 quem
1046 1952 1155 2010 tamen

139 2038 268 2111 populus
298 2037 448 2095 Romanus
480 2038 640 2096 secessione
670 2055 688 2094 a
717 2037 853 2113 patribus
885 2039 915 2096 et
946 2056 1038 2113 prope
1066 2040 1155 2099 cirili
1170 2058 1197 2098 so

140 2125 217 2183 bello
244 2128 413 2200 persecutus
441 2126 473 2183 in
500 2127 620 2184 vincula
647 2125 715 2183 duci
745 2128 854 2203 coegit3
884 2146 979 2202 neque
1008 2128 1072 2186 ulla
1102 2148 1153 2190 res

139 2217 204 2273 tum
236 2216 330 2291 magis
362 2214 596 2291 indignationem
627 2214 722 2289 plebis
755 2217 914 2275 commovit
946 2235 1034 2292 quam
1068 2219 1155 2293 quod

139 2303 316 2378 pudicitiam
344 2303 457 2362 auferre
484 2305 685 2378 temptaverat
711 2303 790 2362 filiae
818 2305 931 2364 militis.
977 2305 1048 2364 haec
1079 2311 1154 2367 sunt

139 2393 272 2465 honesta,
294 2392 367 2450 haec
389 2392 537 2450 narranda
555 2392 733 2451 feminarum
751 2394 892 2468 exempla.
928 2413 998 2452 nam
1015 2395 1154 2454 virorum

141 2501 215 2557 quae
242 2480 387 2558 pudicitia
414 2483 471 2555 est,
498 2482 556 2539 nisi
582 2499 641 2538 non
670 2479 875 2556 corrumpere?
920 2500 980 2541 non
1008 2483 1047 2540 sit
1074 2485 1153 2544 mihi
1168 2503 1194 2543 11

139 2570 265 2630 forsitan
297 2570 478 2645 querendum
510 2569 640 2628 adversis
673 2570 793 2630 amibus
825 2571 935 2630 saeculi
966 2573 998 2629 in
1029 2573 1153 2632 tantum

139 2660 214 2717 vitia
236 2678 369 2736 regnare,
391 2661 426 2717 ut
449 2658 580 2718 obscenis
600 2659 812 2734 cupiditatibus
836 2664 944 2720 natum
963 2663 1091 2735 cesserit,
1114 2666 1154 2722 ut

139 2747 262 2823 pollutis
284 2749 316 2805 in
338 2748 496 2806 femineam
523 2766 616 2824 usque
639 2748 817 2822 patientiam
842 2749 987 2824 maribus,
1015 2752 1154 2812 incurrat

213 2883 377 2935 lneutrum
396 2891 423 2933 ι’
517 2887 614 2934 icum
632 2883 663 2935 ia
681 2898 735 2936 ras.
750 2891 778 2934 Β
866 2883 946 2952 quid:
966 2885 1041 2952 quod
1059 2895 1081 2937 V

141 2951 261 3005 3simili
280 2970 313 3006 ex
330 2952 369 3006 -le
383 2962 411 3005 B
463 2953 556 3006 liam
574 2969 616 3006 cm
638 2963 663 3006 J
716 2955 846 3007 lanatos
869 2963 907 3007 Vc
959 2965 995 3009 au
1008 2962 1042 3022 Β,
1062 2959 1152 3010 auto

142 3027 174 3076 10
194 3024 313 3092 cepisset
332 3034 359 3076 P
420 3029 451 3077 11
471 3024 666 3097 precipubiam
682 3033 711 3077 Β
771 3039 866 3078 curam
884 3043 933 3080 cm.
949 3030 981 3080 11
1042 3027 1151 3082 121111-

141 3093 300 3147 cretiamB
370 3105 468 3161 quo-1
537 3098 569 3147 13
590 3112 606 3148 a
625 3097 715 3150 oms
784 3101 816 3148 14
831 3103 895 3164 post
913 3101 942 3151 et
960 3116 994 3152 er.
1015 3113 1032 3151 a
1050 3103 1078 3152 Β

142 3171 174 3218 16
193 3165 339 3237 ltoccidere
357 3172 385 3218 Β
445 3184 519 3219 nunc
537 3183 570 3220 ec
588 3183 644 3220 non
657 3176 698 3233 Β;
716 3167 760 3221 vel
778 3183 833 3220 non
851 3184 925 3237 supr.
941 3191 972 3222 m
1033 3169 1153 3243 pladcet

140 3245 168 3288 Β
223 3236 277 3290 tibi
294 3236 388 3304 placet
406 3245 427 3288 V
498 3237 657 3306 Virginium
675 3247 696 3290 V
769 3244 800 3291 17
819 3243 937 3294 mortem
955 3250 983 3293 Β
1053 3246 1087 3295 18
1105 3258 1152 3295 re-

142 3308 264 3374 11111111
283 3316 311 3359 Β
368 3313 401 3360 19
419 3307 523 3377 Apium
541 3317 592 3361 BV
649 3315 683 3362 20
703 3325 731 3363 a:
752 3313 826 3375 a133
845 3329 908 3366 cum
930 3323 951 3364 V
1001 3308 1082 3366 civile
1100 3318 1156 3366 BV

142 3381 218 3448 (corr.
234 3379 261 3447 o)
325 3381 470 3443 22111111
532 3379 674 3453 comoduit
691 3390 719 3433 Β
780 3397 865 3450 quam
883 3385 970 3452 quod:
990 3401 1046 3451 qua
1064 3384 1095 3437 id
1112 3394 1151 3454 Β,

48 3518 54 3524 .
140 3460 241 3504 corno
313 3455 345 3502 23
365 3450 577 3518 temptaverite
648 3456 681 3506 26
701 3447 832 3529 forsitant
850 3464 878 3507 Β
939 3456 1077 3509 aversis‘s

142 3562 174 3609 27
194 3524 263 3610 natta
280 3566 319 3624 Β;
337 3559 454 3610 naturae
473 3567 500 3609 P

1014 3698 1087 3719 ...had
