2430 3952
116 183 187 247 424
433 181 625 271 EXCERPTA
642 183 822 238 PARISINA.

118 370 181 412 non
199 352 357 426 effundere,
376 352 428 412 sed
440 352 558 412 offerre.
591 371 669 412 nunc
688 353 809 412 tandem
828 351 1081 411 considerandum
1102 355 1151 411 est

119 460 180 517 quo
211 442 320 500 affectu
349 441 469 500 haurire
504 443 691 518 praecepisti.
738 442 772 503 P.
795 445 831 499 ut
860 460 964 500 verum
994 441 1149 500 elicerem

119 531 158 590 F.
177 531 279 604 immo,
299 533 480 589 utmo1tem
497 532 630 590 iniceres.
668 533 721 606 qui
738 529 934 606 parricidium
952 531 1044 589 vocat
1063 529 1150 605 quod

118 619 279 694 ambibi,
307 621 504 695 permissurus
528 620 600 695 fuit,
624 621 650 678 si
671 619 773 679 bibere
795 620 964 679 voluissem.
1007 638 1077 693 cur,
1101 621 1149 678 i'n-

120 727 224 784 quam,
255 707 455 785 praecepisti?
501 709 535 767 P.
554 711 627 785 quia
656 711 812 768 nocentem
842 709 962 768 credidi.
1012 709 1051 766 F.
1072 711 1176 769 estas

119 799 206 874 atqui
235 797 314 857 filius
344 800 485 857 innocens
517 800 612 856 amari
641 797 742 874 debet,
771 815 880 857 nocens
910 799 1035 856 servari.
1086 817 1151 872 cur,

118 889 253 962 inquam,
271 885 471 963 praecepisti?
510 887 544 946 P.
563 890 598 946 ut
615 889 803 962 temptarem,
818 905 891 960 non,
909 889 954 960 ut
973 888 1000 944 si
1018 885 1151 961 biberes,

119 979 246 1053 paterer.
283 977 320 1035 F.
340 976 452 1034 frustra
471 978 525 1050 est,
544 978 570 1035 si
587 978 708 1050 morior,
727 994 869 1051 quaerere
888 978 990 1034 utrum
1010 975 1152 1035 occidere

119 1065 258 1124 volueris.
299 1083 454 1140 nunquam
480 1064 614 1125 movebit
642 1064 721 1123 filius
751 1067 869 1140 patrem
898 1064 978 1140 quod
1006 1067 1152 1144 moritur,

121 1156 257 1229 quinon
280 1155 376 1213 movit
403 1155 483 1230 quod
510 1156 634 1230 paratus
664 1157 717 1214 est.
759 1173 811 1213 cur
838 1152 1043 1230 praecepisti?
1086 1157 1151 1213 iam
1163 1173 1185 1214 u

121 1242 198 1302 silet.
234 1245 298 1301 iam
316 1245 399 1317 satis,
418 1246 492 1303 satis
510 1243 614 1306 habeo.
651 1262 706 1322 ego
725 1243 823 1302 dicam
842 1245 928 1319 certe,
947 1245 982 1301 ut
1001 1242 1150 1303 biberem.

122 1332 263 1408 deceptus
287 1335 332 1392 est
359 1335 453 1408 pater.
495 1334 555 1405 vis,
578 1334 613 1391 ut
639 1330 762 1390 bibam?
801 1333 939 1407 prohibe,
962 1350 1000 1390 ne
1025 1332 1151 1392 faciam.

121 1440 208 1480 nemo
231 1424 333 1497 potest
354 1423 401 1480 uti
424 1440 477 1481 suo
501 1440 613 1481 veneno
638 1424 669 1481 et
695 1421 820 1480 alterius
846 1423 954 1480 auimo.
1002 1422 1083 1496 quid
1107 1423 1151 1481 fa·

121 1512 213 1586 ciem,
244 1529 311 1586 oro,
340 1513 441 1586 patres
465 1506 681 1588 <conscripti>‚
705 1512 839 1569 omnium
869 1509 1084 1571 miserrimus?
1127 1514 1152 1570 si

122 1602 223 1659 vivere
241 1601 319 1673 volo,
337 1599 506 1676 proturbat,
524 1599 655 1676 expellit
679 1601 811 1674 simon,
833 1599 1019 1675 interpellat,
1043 1602 1184 1680 exigitis

122 1691 183 1749 scio
208 1689 281 1765 quid
309 1690 426 1748 faciam.
468 1709 561 1748 unum
591 1691 705 1756 autem,
735 1691 835 1764 pater,
865 1688 1016 1764 deprecor.
1061 1690 1152 1766 quid·

122 1778 196 1853 quid
215 1796 312 1856 egero,
329 1780 477 1852 miserere,
500 1797 538 1837 ne
555 1778 672 1852 iubeas3
694 1778 842 1851 miserere,
860 1797 898 1836 nc
917 1795 1017 1856 cogas.
1060 1798 1152 1839 vene·

121 1886 195 1926 num
225 1866 346 1942 quidem
380 1870 410 1926 te
439 1866 561 1929 iubente
592 1865 693 1926 bibere
726 1885 786 1925 non
820 1868 914 1942 potui.
964 1867 1153 1945 quandoque

121 1959 224 2014 tamen
247 1955 362 2015 occidet
386 1955 465 2030 quod
487 1955 587 2014 bibere
610 1957 734 2015 iussisti

346 2145 547 2227 xvsslsxlis
568 2149 697 2208 Isruuis
721 2168 752 2207 ru
776 2168 912 2208 uuruuu.
1166 2172 1189 2211 eo

190 2271 403 2346 Arpumootom
426 2292 452 2332 o.
466 2292 499 2346 p.
519 2276 593 2343 320,
613 2277 641 2333 3.

191 2364 299 2421 Mater.
341 2364 407 2437 etsi,
425 2363 546 2437 iudices,
566 2363 776 2424 callidissimus
797 2363 948 2439 parricida
966 2367 1011 2424 sic
1030 2368 1154 2427 facinus

124 2452 322 2525 ordinaverit,
350 2455 386 2511 ut
409 2455 536 2511 matrem
558 2454 688 2512 invisam
711 2454 828 2528 fecerit,
856 2454 918 2512 sive
942 2453 1155 2516 dissimularet

123 2544 185 2601 sive
210 2543 395 2616 quereretur,
423 2543 514 2600 matri
541 2544 655 2616 tamen,
682 2543 715 2600 in
738 2544 822 2600 cuius
851 2542 1081 2604 calamitatibus
1107 2566 1153 2606 or·

122 2631 202 2690 bites
226 2649 453 2690 nonsummum
476 2630 593 2690 obtinet
610 2632 717 2706 locum,
740 2631 772 2689 id
790 2631 988 2691 insistendum
1009 2635 1154 2710 est-quid
1166 2653 1188 2694 11

123 2722 282 2779 tormentis
318 2721 491 2795 inquisierit
526 2724 620 2796 pater.
676 2721 773 2779 Pater.
824 2719 981 2779 deberetur
1018 2724 1153 2800 quidem,

122 2809 156 2866 P.
178 2807 218 2882 0.,
241 2810 431 2869 tristissimae
465 2809 602 2868 orbitatis
632 2811 741 2868 misero
770 2810 893 2885 pudori,
927 2812 962 2868 ut
992 2813 1058 2870 iam
1090 2815 1154 2873 iam

122 2900 289 2958 taceremus
314 2916 428 2971 omnes,
458 2901 580 2975 etpost
609 2900 674 2957 tam
700 2899 886 2976 prodigiosas
909 2918 1010 2958 rerum
1037 2920 1154 2963 sermo-

123 3006 254 3062 numque
277 2988 427 3046 novitates
455 2989 651 3046 novissimum
674 2988 822 3046 malorum
853 3006 915 3046 esse
938 2987 1045 3048 debuit
1072 2992 1154 3067 quod

123 3075 219 3134 filium
241 3080 329 3152 pater
347 3076 469 3151 occidit3
493 3077 704 3152 sedquoniam
727 3078 835 3136 mulier
857 3077 1013 3136 immodici
1033 3098 1186 3159 sempera

118 3310 120 3314 ’
197 3305 229 3352 12
249 3315 278 3352 es
297 3309 342 3352 VB
397 3306 430 3353 14
449 3317 497 3353 oro
514 3302 623 3367 patres:
642 3300 672 3352 P.
688 3299 715 3354 C.
731 3309 809 3354 m'B
868 3305 900 3352 18
920 3299 1054 3367 quidem:
1077 3307 1155 3375 quod

20 3435 23 3444 Ι
124 3379 203 3423 mr
274 3370 386 3437 quando
406 3380 484 3424 m

196 3500 230 3547 20
250 3465 363 3548 infamis
383 3495 412 3548 in
431 3499 549 3549 matrem
569 3456 623 3548 XaV
637 3492 685 3549 lex
704 3506 731 3548 P
801 3501 834 3550 ⁶25
853 3511 930 3550 nunc
946 3506 973 3548 Ρ
1050 3506 1089 3556 26
1110 3503 1157 3558 de.

123 3566 203 3622 beret
220 3576 259 3636 ¹³3
280 3565 417 3620 debentur
440 3576 485 3619 w
