2430 3952
123 193 167 259 22
460 189 800 246 osnovsrununua

96 365 98 368 ’
122 361 211 421 minis
235 360 287 436 qui
314 360 526 438 expugnandus
553 359 612 419 fuit
638 359 792 436 parricidii
815 357 1019 419 similitudine.
1066 377 1140 419 corr-

30 456 34 464 '
123 452 208 528 gesta
236 452 305 508 sunt
333 449 472 508 adversus
499 449 638 508 miseram
666 448 864 523 debilitatem,
890 449 1015 524 sermm,
1038 466 1140 524 cruor,

123 558 270 598 venenum
297 542 327 597 et
355 538 498 616 quicquid
523 558 583 598 non
610 539 711 614 potest
737 556 799 597 esse
827 538 1047 615 neglegentiae,
1076 538 1140 597 nisi

123 628 289 688 nescientis.
334 647 429 703 nemo,
452 627 573 703 iudices,
595 646 682 687 nemo
705 627 877 704 diligentior
900 626 986 686 debet
1009 645 1072 686 esse
1097 627 1140 685 ad

123 717 238 776 facinus
261 735 351 792 quam
374 717 425 792 qui
447 716 642 794 parricidium
664 717 764 792 potuit
786 716 882 775 facere
906 733 1017 775 caecus
1168 736 1180 778 o

189 805 307 865 Iuvenis
326 806 392 881 iste,
416 806 451 865 de
470 824 528 883 quo
547 823 664 864 summa
685 807 718 863 in
735 805 823 863 rebus
845 804 983 864 humanis
1000 808 1139 864 monstra

122 894 288 972 finguntur,
315 897 378 954 eius
405 895 464 953 fuit
491 913 562 971 erga
583 897 722 970 parentes
745 913 860 971 semper
888 893 1021 953 adfectus
1045 913 1139 970 quem

123 1003 160 1042 ne
186 985 233 1042 fas
261 984 306 1043 est
328 985 431 1060 optare
455 983 490 1042 de
517 983 625 1042 liberis.
672 1003 739 1042 cum
762 983 866 1042 domus
888 982 1005 1060 ignium
1030 986 1139 1060 saepta

122 1072 266 1133 violentia
290 1072 439 1148 rapuisset
461 1072 577 1131 miseris
600 1073 719 1131 senibus
743 1091 828 1132 omne
856 1071 1052 1148 praesidium,
1080 1072 1138 1131 illa

123 1161 314 1221 festinatione
338 1180 396 1238 qua
419 1161 558 1238 fugimus,
583 1161 773 1238 erumpimus,
796 1162 828 1219 in
850 1160 981 1219 medium
1004 1162 1138 1219 cucurrit
1153 1182 1179 1226 so

122 1249 298 1309 incendium.
344 1250 376 1308 in
404 1252 515 1326 quanto
543 1252 615 1310 tunc
642 1250 773 1327 periculo
800 1250 860 1309 fuit
886 1269 985 1309 rerum
1007 1252 1137 1309 naturae

122 1337 241 1416 pietas?
285 1339 356 1400 dum
383 1339 435 1398 diu
462 1339 647 1415 multumque
676 1340 822 1399 attonitus
850 1339 965 1414 haeret,
996 1338 1067 1397 dum
1095 1339 1138 1398 ad

123 1430 282 1504 utrumque
305 1428 435 1504 respicit,
459 1429 498 1488 ad
519 1431 677 1504 utrumque
701 1428 853 1503 discurrit,
875 1446 970 1504 paene
993 1428 1137 1487 infelicis-

123 1519 212 1576 simos
235 1521 372 1594 parentes
394 1517 525 1594 perdidit
547 1517 668 1594 pietatis
687 1517 862 1594 aequalitas.
900 1527 934 1576 ut
953 1516 1057 1575 deinde
1076 1518 1137 1575 mi-

123 1607 259 1665 serrimos
282 1625 366 1668 senes
390 1608 518 1666 cluserat
540 1608 601 1664 iam
623 1607 745 1683 propior
768 1607 847 1684 ignis
870 1638 915 1648 -
938 1605 1040 1665 audiat
1062 1607 1136 1666 licet
1151 1627 1177 1669 ro

122 1695 218 1754 invita
241 1694 350 1772 pietas!
375 1727 416 1736 —
440 1698 556 1771 patrem
578 1695 693 1755 iuvenis
716 1697 814 1773 elegit,
839 1698 869 1754 et
893 1695 928 1754 de
951 1695 1064 1772 pariter
1086 1714 1136 1755 ar-

123 1783 261 1842 dentibus
292 1785 370 1843 vices
402 1784 549 1860 disposuit
580 1784 720 1844 adfectus
770 1784 893 1844 vixdum
924 1785 1022 1861 posito
1055 1803 1136 1861 seno,

123 1891 189 1932 cum
211 1874 298 1932 illum
321 1892 438 1948 quoque
461 1873 637 1931 miraremur
660 1874 844 1950 explicitum,
867 1874 975 1932 iterum
997 1873 1135 1934 flammas

124 1962 253 2037 aperuit,
282 1963 311 2019 et
333 1961 463 2039 undique
491 1962 623 2021 coeuntis
650 1962 779 2021 incendii
805 1962 938 2021 redditus
966 1963 1062 2039 globis
1087 1981 1135 2022 ar-

88 2047 205 2109 8serat
232 2051 360 2125 iuvenis,
390 2051 416 2109 si
441 2050 557 2110 tardius
583 2050 761 2127 perdidisset
788 2053 895 2111 oculos.
940 2052 1055 2110 facinus
1080 2055 1136 2127 est,
1151 2073 1178 2114 so

123 2139 248 2214 iudices,
271 2158 330 2198 non
352 2139 408 2198 hoc
431 2158 547 2215 quoque
569 2141 705 2199 maximis
729 2140 886 2218 contigisse
909 2140 1072 2216 conatibus,
1098 2145 1136 2200 ut

123 2230 290 2288 servaretur
309 2231 338 2286 et
356 2230 459 2288 mater.
496 2229 593 2288 minus
612 2231 712 2288 tamen
733 2229 765 2288 in
782 2228 908 2307 utroque
931 2229 1050 2304 fecerat,
1073 2231 1136 2288 nisi

123 2317 299 2393 perdidisset
317 2317 426 2376 oculos.
461 2317 590 2377 viderint
609 2320 661 2395 qui
678 2318 774 2376 filium
792 2319 824 2376 irr
843 2338 876 2378 eo
894 2320 990 2396 magis
1008 2321 1135 2394 parente

122 2407 277 2482 mirantur,
305 2407 336 2462 in
360 2409 441 2465 cuius
470 2407 596 2465 salutem
622 2407 729 2467 faciem
753 2408 912 2483 veritusque
940 2409 1134 2484 consumpsit.

122 2496 202 2571 patri
223 2496 375 2572 praestitit
398 2495 571 2555 caecitatem
593 2495 645 2572 qui
668 2497 768 2556 amisit
791 2498 903 2571 oculos,
930 2497 1000 2555 dum
1022 2497 1135 2572 repetit
1150 2520 1177 2562 sa

124 2603 213 2660 quam
223 2585 404 2660 reliquerat,
427 2587 560 2643 matrem.

188 2674 256 2733 Non
275 2676 444 2750 expectetis,
463 2677 575 2733 certum
587 2674 691 2749 habeo,
711 2674 831 2750 iudices,
850 2678 884 2732 ut
903 2692 1037 2734 excusem
1052 2675 1135 2750 quod

122 2973 125 2978 .
195 2936 208 2983 1
229 2931 443 3001 expugnandus:
464 2931 660 3002 expurgandus
675 2933 791 2988 adacta
803 2934 835 2987 ia
848 2951 932 3004 marp.
945 2955 977 2986 m
993 3005 999 3017 .
1018 2939 1033 2986 6
1052 2951 1136 2990 suma

122 3046 150 3089 B
219 3039 355 3103 monstrat
373 3048 399 3091 J
467 3044 584 3108 lquem
603 3056 636 3093 ea
655 3055 726 3106 quae
744 3049 772 3092 B
842 3024 1078 3108 8deliberds133
1098 3041 1136 3095 de

122 3107 201 3161 libris
221 3118 248 3160 P
313 3115 345 3163 12
366 3109 403 3164 ad
420 3111 569 3178 utrumque
587 3110 704 3179 respicit
726 3128 776 3166 om.
791 3121 825 3178 B,
844 3123 953 3180 supra
1023 3117 1055 3166 13
1076 3113 1136 3166 dis-

122 3180 221 3233 currit:
246 3180 368 3234 decurrit
385 3191 411 3234 J
491 3198 690 3250 paenezpane
709 3192 736 3234 P
824 3188 857 3237 15
877 3182 1010 3238 cluserat:
1035 3183 1082 3237 clu
1101 3187 1136 3240 ia

122 3267 207 3321 oearp.
235 3251 282 3322 (du
307 3253 392 3320 fcisse
416 3253 533 3323 oidelae)
560 3263 597 3319 P;
628 3253 768 3307 clauserat
795 3254 931 3310 Seldcasie
1022 3259 1055 3309 18
1080 3257 1136 3310 mi-

122 3337 216 3410 rddrur
234 3367 261 3409 P
335 3363 368 3411 20
393 3358 604 3429 si-porrigere
629 3377 655 3427 p.
671 3364 763 3426 23,19
791 3362 889 3416 deccat
912 3363 944 3415 ia
970 3371 990 3414 s
1015 3363 1135 3420 dimidio

122 3429 185 3495 folii
203 3430 318 3484 abscisso
390 3435 424 3483 24
444 3431 616 3498 consumpsit
630 3440 666 3498 M,
685 3433 717 3485 ia
733 3450 819 3503 marp.
838 3432 882 3486 vel
901 3432 1082 3502 consumpsit,
1100 3438 1136 3489 ut

121 3499 164 3552 ibi
183 3499 220 3552 sit
236 3501 355 3553 metrum
374 3522 405 3552 m
472 3508 506 3556 26
525 3501 696 3571 reliquaerat
713 3513 741 3556 B
808 3509 840 3556 27
861 3505 1014 3573 expectatis
1033 3514 1101 3569 Meo

122 3571 166 3624 ut:
185 3572 248 3626 laico
266 3573 366 3641 incipit
383 3581 404 3624 V
