2430 3952
381 207 616 263 DECLAMATIO
635 208 660 261 Π
675 213 778 269 10,-11
1043 209 1085 272 29

76 397 143 454 quo,
166 396 220 453 per
242 377 339 452 fidem,
363 377 484 437 divitias
502 379 611 452 iuveni,
636 377 716 453 apud
735 378 973 452 quem‘omnium
990 397 1089 436 rerum

76 467 232 525 diversitas
255 464 355 542 perit?
390 467 552 525 circumdes
571 467 642 524 licet
659 466 735 524 hanc
756 465 941 525 debilitatem
964 466 1089 543 fulgore,

76 555 199 631 divitiis,
223 574 309 615 caeco
332 558 432 614 temen
455 558 526 614 tuuc
544 556 640 632 magis
666 558 773 614 cuncta
794 555 909 630 desunt,
932 574 998 614 cum
1022 574 1089 613 con·
1127 562 1128 569 ’

75 645 219 722 tigerunt‚
242 664 296 704 nec
318 645 453 702 invenias
476 645 661 703 debilitatem
685 643 733 701 cui
754 646 851 721 magis
874 663 941 702 cum
963 662 1089 720 pauper-

50 737 139 794 ctate
164 736 329 793 conveniat.
365 733 453 792 homo
476 733 508 792 in
531 734 640 791 honore
663 736 821 808 parentum
843 736 1014 792 excaecatus
1036 752 1089 809 pa-

76 823 218 882 trimonio
242 823 295 881 sub
319 825 405 900 patre
427 823 534 881 melius
557 824 667 880 utetur.

144 912 185 970 Et
214 912 295 987 quod
326 931 379 988 per
410 911 498 969 fidem
527 911 681 987 pamicidii
709 930 801 988 genus
830 911 948 969 iuvenis
979 909 1141 988 ologitin

77 1020 233 1076 venenum,
256 1002 364 1075 inquit,
387 1003 514 1076 paravit.
552 1019 604 1059 cur
626 999 797 1076 perfidem,
822 1001 848 1058 si
870 999 980 1059 sufficit
1002 1002 1091 1074 ferro,

77 1090 192 1150 facinus
221 1090 395 1167 adgreditur
423 1090 470 1149 cui
498 1089 637 1148 adhibere
665 1090 826 1163 conscium,
859 1091 909 1147 cui
939 1091 1090 1165 praestare

38 1180 183 1238 redebeat
205 1181 385 1254 ministrum,
409 1197 476 1237 cum
496 1180 592 1237 maius
610 1178 718 1236 hebere
741 1178 836 1254 possit
854 1177 885 1235 in
904 1178 1005 1255 gladio
1023 1199 1091 1254 par-

76 1269 171 1328 ricida
194 1266 361 1327 secretum?
397 1287 435 1326 an
458 1270 562 1344 postea
584 1268 685 1326 iuveni
708 1268 853 1327 succurrit
877 1268 948 1342 quid
971 1270 1092 1343 possent

78 1358 174 1416 facere
202 1376 321 1430 manua
350 1360 379 1415 et
407 1375 437 1416 se
466 1358 543 1416 circa
569 1376 716 1415 venenum
744 1356 925 1432 deprehensa
952 1356 1090 1415 debilitas

80 1447 201 1524 collegit
223 1447 255 1505 in
278 1444 378 1505 vires?
413 1465 509 1520 nemo,
532 1444 652 1521 iudices,
675 1464 761 1504 nemo
784 1446 879 1503 nescit
902 1446 1091 1519 quemadmo-

80 1537 151 1593 dum
180 1537 275 1611 possit
306 1535 445 1594 ocoidere.
491 1535 651 1609 intellexit,
682 1534 809 1608 iudices,
840 1552 967 1593 noverca
1000 1553 1092 1610 quam

40 1645 65 1684 rs
79 1625 252 1684 incredibile
286 1627 375 1699 esset,
407 1627 442 1682 ut
473 1624 623 1682 videretur
655 1641 758 1682 caecus
789 1641 909 1699 parasse
936 1643 1090 1682 venenum.

79 1717 174 1791 igitur
197 1713 306 1773 adiecit
323 1716 502 1789 temptatam
521 1731 560 1788 se,
582 1715 617 1770 ut
634 1712 712 1771 illud
728 1713 795 1788 ipsa
812 1713 985 1789 porrigeret.
1023 1712 1091 1770 date

78 1824 133 1880 per
159 1801 260 1878 fidem,
292 1803 417 1877 iudices,
443 1804 576 1861 invenite
603 1802 706 1860 verba:
738 1803 850 1860 secreto
879 1803 1034 1878 privignus
1062 1804 1092 1860 et

80 1912 206 1952 noverca
230 1892 265 1950 de
288 1891 448 1968 parricidio
471 1893 618 1951 locuntur.
656 1891 699 1949 ita
723 1909 753 1949 se
776 1909 835 1948 non
858 1893 947 1966 putat
967 1892 1091 1966 uterque

81 1979 242 2058 temptari?
287 1982 359 2056 quid
392 1981 504 2056 dicitis,
535 1978 670 2039 iudices?
715 1980 867 2039 nullumne
899 1981 964 2038 tota
996 1979 1092 2054 domo,

38 2090 65 2130 ao
80 2072 160 2146 quod
184 2073 393 2146 corrumperet,
416 2070 498 2130 aliud
519 2069 669 2146 parricida
690 2072 793 2143 pectus
816 2067 951 2128 invenit?
988 2069 1092 2128 diffici-

79 2163 138 2219 lius
161 2160 217 2218 hoo
241 2159 341 2218 credas
366 2177 523 2233 novercae,
551 2159 628 2217 site
653 2159 775 2217 anullo
799 2157 858 2216 alio
886 2160 972 2234 putes
999 2158 1092 2234 impe-

79 2251 238 2308 traturum.
284 2268 343 2307 non
367 2267 436 2325 ergo
460 2248 576 2307 iuvenis
599 2248 692 2306 credit
714 2247 770 2306 hoc
795 2266 894 2306 omnes
917 2246 1001 2322 loqui
1025 2265 1092 2305 cum

80 2337 187 2415 patre?
210 2338 342 2396 omnium
360 2337 574 2396 blanditiarum
592 2338 722 2413 primum
741 2355 803 2395 esse
823 2334 1010 2394 sermonem?
1041 2354 1092 2394 no-

81 2514 294 2522 ——-—-—-

155 2655 168 2704 1
189 2667 256 2719 quo:
277 2665 332 2718 qua
349 2658 382 2702 a
456 2655 471 2702 a
492 2648 611 2702 uatus:
631 2648 737 2701 diucius
756 2656 777 2699 ν
849 2653 866 2700 4
885 2613 1002 2702 occule
1020 2656 1040 2700 s

82 2739 145 2776 cum
164 2723 331 2790 paupertate
349 2720 441 2789 magis
465 2733 480 2784 β
551 2721 702 2774 chonore:
721 2719 854 2773 honorem
875 2719 1045 2774 Oolberticas
1064 2731 1091 2786 ες

80 2795 126 2847 bic
143 2794 291 2848 etecusam
309 2792 408 2858 foliam
426 2792 495 2845 ias
569 2797 653 2860 iper
671 2808 704 2845 ex
722 2790 765 2845 fer
782 2800 810 2843 Β
880 2790 1091 2860 tadgreditur:

82 2864 119 2918 ad
138 2866 169 2917 ia
187 2881 271 2933 mcrp.
287 2863 383 2917 addo
452 2880 527 2916 oum:
548 2862 593 2916 cui
611 2873 641 2929 J,
660 2873 753 2917 corni
827 2866 859 2915 10
878 2862 982 2916 maius:
1002 2861 1092 2931 magis
1130 2884 1131 2890 ¹

86 2945 127 2988 VJ
144 2940 221 3006 (corr.
236 2937 271 3004 i),
295 2934 339 2988 vel
357 2950 457 2987 manus
475 2955 507 2986 m
579 2939 611 2988 11
636 2935 773 2988 secretum
797 2950 830 2987 ex
851 2933 993 2986 decretum
1011 2944 1022 2984 s

82 3009 209 3076 possent:
235 3005 325 3075 possit
348 3015 389 3072 Μ,
413 3022 480 3060 corr.
495 3027 527 3058 m
600 3011 631 3059 12
656 3004 843 3074 deprehensa:
867 3004 1039 3073 deprehendi
1063 3015 1092 3068 J,

82 3148 149 3186 corr.
165 3143 176 3183 s
221 3136 253 3183 15
272 3093 425 3196 videber,
440 3141 536 3184 corre
582 3135 615 3183 16
634 3130 802 3199 temptatam
812 3145 845 3183 ex
855 3130 1023 3197 semptatam
1041 3138 1062 3180 ν’

84 3203 163 3256 date:
183 3220 221 3256 aa
240 3201 422 3271 excogitate?
494 3206 527 3254 17
547 3216 661 3269 operam
676 3206 740 3270 poci
757 3199 866 3253 iudices
885 3201 980 3254 adde
1051 3200 1092 3252 in-

79 3300 188 3362 benite:
207 3309 315 3362 invenit
333 3322 347 3373 β
366 3310 443 3378 (corr.
459 3309 484 3378 n)
540 3309 660 3362 secretos
683 3288 758 3361 redte
778 3317 810 3360 M
862 3311 895 3360 18
914 3306 1044 3361 locuntur
1063 3316 1092 3358 1':

83 3379 235 3447 loquantur
248 3389 289 3445 [913
307 3379 461 3448 loquuntur
476 3380 576 3447 reliqui
646 3381 728 3448 putet
745 3400 788 3432 m:
808 3380 923 3447 putetur
936 3387 974 3444 133
993 3379 1094 3446 putent

84 3451 232 3504 Parisinus
250 3455 336 3518 16183
355 3452 439 3520 putat
461 3459 562 3514 mero
624 3455 656 3503 19
676 3450 781 3519 teptari
799 3463 833 3514 αβ
894 3455 928 3503 20
947 3449 1023 3517 quod
1042 3466 1093 3503 om,

83 3530 143 3573 ΒΜ
158 3537 232 3590 supr.
247 3533 297 3574 om
387 3527 420 3575 21
444 3537 562 3576 noverca
581 3531 608 3573 P
695 3526 728 3573 23
753 3528 939 3575 sermonem:
965 3519 1010 3573 vel
1034 3519 1093 3572 sinc

84 3592 303 3661 interrogatione
321 3615 353 3646 m
