2430 3952
392 175 628 233 DECLAMATIO
646 177 711 232 XVI
725 183 803 231 3-6.
1038 179 1104 244 295

88 351 245 407 contemno
267 348 407 421 matrem,
431 365 485 424 ego
508 348 639 424 despicio
662 346 814 407 caecitatis
838 345 994 423 obsequia,
1015 349 1103 408 homo
1173 395 1188 409 .

88 436 142 512 qui
165 435 297 495 omnium
324 436 541 496 calamitatium
568 455 702 495 mearum
730 436 876 494 ambitum
898 437 930 492 in
957 436 1012 494 hoc
1036 455 1103 495 con·

88 526 210 602 sumpsi,
232 527 268 584 ut
289 523 436 592 redirem?
460 527 513 601 qui
533 525 613 584 inter
635 543 787 602 supremas
806 523 1021 584 sollicitudines
1043 544 1103 584 non

88 633 142 690 pro
169 633 216 672 me
243 611 369 691 rogavi?
413 613 488 674 mihi
516 615 674 691 quisquam
705 612 940 674 contumacium¹
957 615 1103 691 supplicia
1129 643 1133 649 .

60 723 73 764 s
88 703 258 778 liberorum,
276 702 351 762 mihi
368 703 521 780 neglectae
538 704 661 779 pietatis
678 704 810 762 minetur
827 700 992 760 invidiam?
1026 702 1102 763 bone

87 793 233 870 Iuppiter,
261 793 368 867 quanti
395 793 471 850 mihi
497 792 645 867 constitit,
672 812 709 851 ne
736 791 833 850 malus
859 790 939 851 filius
966 790 1102 851 viderer?

86 884 221 957 inputem
252 880 310 940 tibi
340 899 457 940 necesse
490 884 548 956 est,
583 883 693 955 mater,
728 880 807 956 quod
842 899 942 938 meum
973 881 1102 939 amioum

86 972 209 1047 propter
231 972 262 1028 te
284 969 402 1046 reliqui,
425 970 464 1028 ad
487 990 575 1047 quem
598 970 713 1030 facinus
734 972 780 1028 est
797 989 857 1028 non
874 970 992 1028 reverti,
1029 989 1101 1028 non-

88 1059 167 1134 dum,
189 1058 311 1133 iudices,
333 1060 522 1118 necessitates
545 1077 639 1135 meas,
662 1059 793 1118 nondum
816 1059 905 1118 amici
926 1059 1034 1117 merita
1056 1077 1102 1116 re·

47 1167 74 1207 ιο
87 1148 165 1223 iero3
187 1148 308 1206 interim
326 1147 481 1222 contendo,
498 1151 570 1207 tunc
589 1166 652 1208 csse
670 1150 790 1206 tantum
807 1147 882 1225 legis
899 1147 988 1206 huius
1006 1166 1101 1221 usum,

87 1239 155 1296 eum
181 1237 212 1294 in
240 1228 496 1296 calamitatesoli
524 1239 593 1296 sunt
622 1240 768 1313 parentes.
797 1255 954 1313 ¹magnam
984 1239 1102 1313 partem

86 1326 259 1385 mortalium
285 1326 407 1385 fortuna
433 1326 548 1386 dimisit
575 1345 594 1385 a
620 1325 751 1403 legibus,
778 1344 831 1384 neo
858 1325 921 1383 ulla
949 1325 1101 1385 iuratam

86 1416 187 1474 tristia
214 1416 297 1489 sunt,
324 1418 359 1473 ut
387 1433 422 1474 ea
448 1415 480 1473 in
509 1415 640 1475 adversis
668 1415 823 1490 patiantur
849 1414 990 1474 homines.
1037 1434 1100 1494 ego,

86 1523 155 1562 cum
177 1522 224 1563 me
247 1505 406 1563 necessitas
424 1505 515 1580 rapit,
537 1503 579 1563 sic
601 1503 696 1564 habeo
715 1505 808 1580 queri,
832 1503 918 1578 quasi
939 1505 1100 1580 relinquar.

46 1611 72 1652 ie
87 1595 242 1652 excusatae
274 1595 346 1652 sunt
377 1593 551 1669 parentibus
587 1592 749 1652 liberorum
781 1593 981 1668 calamitates,
1013 1595 1043 1652 et
1074 1593 1100 1653 si

87 1701 175 1757 quem
202 1681 250 1740 lex
276 1683 337 1741 ista
364 1682 589 1759 deprehenderit
615 1683 647 1739 in
675 1683 797 1741 alterius
827 1682 936 1757 fatum,
966 1684 1101 1741 transeat

86 1789 203 1830 necesse
231 1773 277 1830 est
303 1773 460 1846 tamquam
487 1771 654 1830 orbitatem.
702 1769 773 1846 quid
802 1771 881 1830 enim
903 1772 930 1829 si
952 1790 1001 1830 me
1024 1771 1100 1830 deti·

85 1862 174 1918 nente
195 1862 291 1918 matre
315 1861 392 1918 alter
415 1879 430 1918 e
453 1861 547 1919 latere
569 1857 742 1920 revocaret?
770 1861 801 1918 et
823 1860 848 1918 si
873 1859 950 1918 bella
973 1860 1100 1919 militem

85 1950 253 2024 poscerent,
280 1949 307 2008 si
332 1949 466 2026 legatum
493 1950 592 2025 patria
619 1949 797 2023 dimitteret,
819 1949 868 2008 vel
895 1950 941 2008 uti
967 1949 1004 2007 ed
1031 1968 1100 2024 pro·

44 2055 72 2096 so
84 2040 182 2115 priam
205 2037 381 2097 descendam
404 2039 588 2098 necessitatis
611 2056 695 2098 meae
719 2037 980 2115 conplorationem,
1004 2040 1031 2097 si
1052 2057 1099 2097 me

85 2127 261 2185 damnatm
282 2145 379 2203 poena
402 2127 624 2205 constringeret,
647 2127 787 2187 videlicet
809 2127 979 2204 effringeres
1003 2146 1098 2187 carce·

83 2235 155 2292 rem,
178 2219 282 2291 mater,
305 2215 429 2276 iniceres
448 2215 579 2277 carnifici
601 2220 772 2276 manumet
795 2216 921 2294 perituri
938 2216 994 2276 filii
1012 2218 1099 2294 iugu-

84 2306 147 2364 lum
170 2306 349 2365 auctoritate
371 2305 445 2365 iuris
468 2304 620 2383 operires?

150 2393 203 2452 Dii
229 2393 372 2470 deaeque!
401 2414 492 2470 quam
519 2396 606 2473 longe
630 2397 675 2454 est
696 2396 744 2454 lex
768 2413 843 2471 quae
870 2397 980 2454 retinet
1001 2395 1134 2454 homi-t

42 2501 70 2541 aa
85 2501 154 2542 nem
181 2485 233 2558 qui
263 2502 375 2560 poenae
406 2503 466 2543 non
493 2485 589 2544 venit!
634 2485 744 2559 nescis,
771 2486 917 2559 quantum
947 2484 1097 2561 intellego,

84 2573 191 2646 mater,
219 2576 361 2646 quantam
388 2572 533 2633 invidiam
556 2571 683 2632 debeant
709 2573 806 2632 facere
828 2572 929 2631 liberis
952 2575 1097 2649 parentes,

84 2680 102 2719 a
130 2660 237 2736 quibus
269 2661 486 2738 relinquuntur.
531 2665 628 2720 mater
655 2681 733 2737 quae
765 2679 796 2720 se
827 2661 923 2720 desen'
955 2662 1098 2735 queritur,

157 2868 328 2921 leontenno
348 2876 375 2919 P
458 2865 687 2920 acalamitatum
710 2875 764 2930 Vsu
842 2865 1054 2919 tcontumacia
1071 2874 1100 2918 B

84 2936 325 2993 5mihi:mieed
342 2937 436 2992 dedu
515 2937 721 2992 tconstituiu
801 2937 1049 3004 neom.B;utV

84 3010 189 3072 Satv
266 3025 349 3078 quem
367 3019 459 3064 oua}l
545 3008 746 3063 10itcrum1’
821 3010 1098 3062 tuncessc:tune-

85 3094 160 3134 cesse
180 3088 257 3146 Ινσς
281 3081 313 3133 tu
332 3081 520 3134 necessarium
537 3090 579 3146 ις
602 3081 664 3134 tum
681 3095 795 3133 neccsse
815 3088 851 3145 1²3
872 3081 967 3133 tamen
985 3095 1096 3134 necesse

84 3158 105 3202 s
158 3151 269 3204 tantum
288 3164 369 3215 omn
423 3169 506 3206 usum
524 3150 633 3206 iudicas
653 3167 715 3204 cum
735 3159 768 3204 Μ
829 3156 861 3205 11
881 3150 934 3204 soli
952 3168 1003 3206 om.
1017 3160 1045 3203 Β

83 3236 180 3290 parem
198 3231 226 3274 Β
297 3227 330 3276 13
353 3221 471 3277 tristitia
488 3232 517 3276 B
587 3223 619 3275 ut
632 3223 651 3291 Ξ
664 3237 698 3275 ea
717 3223 801 3291 (8-9
818 3223 871 3277 litt.
885 3224 932 3291 er.)
951 3231 984 3275 Μ
1047 3222 1096 3276 ho·

82 3290 167 3346 minis
184 3302 237 3346 ms
323 3299 357 3347 14
376 3295 453 3362 capit
470 3302 529 3346 ΒΜ
618 3298 651 3346 16
669 3291 777 3346 factum
796 3301 880 3360 sm,
898 3309 966 3347 corr.
979 3315 1013 3360 1¹3
1035 3291 1097 3346 fatu

82 3364 162 3420 Desa.
235 3368 268 3418 1⁷
287 3364 460 3419 detinentem
478 3373 513 3433 Β,
531 3382 560 3417 m
578 3363 661 3418 dcto
731 3369 763 3418 18
783 3365 871 3419 altero
890 3363 978 3418 latere
996 3373 1048 3417 ms

83 3440 116 3489 19
141 3435 270 3489 dimitere
293 3437 322 3489 et
339 3444 378 3503 153
402 3435 559 3490 dimitteret
581 3436 610 3488 ct
628 3443 661 3488 Μ
747 3440 781 3488 tt
805 3435 921 3505 operiris
942 3452 976 3490 ex
993 3453 1038 3488 -us
1057 3445 1096 3500 B,

82 3558 200 3628 operiris
217 3578 249 3611 m
321 3565 355 3614 25
373 3575 446 3629 pene
464 3581 487 3612 ω
559 3564 593 3614 27
612 3542 656 3630 q}
667 3568 700 3613 Μ
758 3522 864 3614 desriB
926 3559 1016 3613 deseri
1033 3573 1097 3624 ses
