2430 3952
365 215 600 272 DECLAMATIO
619 217 671 271 XII
686 221 762 270 7-9.
1005 217 1071 282 225

56 386 181 461 abierat,
204 388 235 446 et
255 386 439 447 bumentum
460 386 571 446 totiens
594 385 652 446 sibi
673 386 786 447 frustra
808 388 987 463 promissum
1008 388 1071 446 ani·

54 494 122 536 mus
145 476 207 534 iam
229 494 265 534 ne
281 493 395 551 *cupere
419 474 539 551 quidem
562 474 703 550 audebat,
727 475 819 534 subiit
840 477 924 535 furor
947 479 977 534 et
1000 476 1071 534 alie·

55 566 140 624 natio
162 565 280 638 mentis,
304 565 334 622 et
356 565 421 624 tota
445 565 492 625 sui
511 564 627 623 arbitrii
649 565 743 623 fames
766 565 847 624 facta
866 567 917 624 est.
955 564 1071 624 animus

54 654 144 714 malis
167 653 347 731 deriguerat,
370 672 402 712 os
425 653 554 712 insolitis
578 653 651 713 cibis
675 653 822 730 stupebat,
845 654 916 714 feris
938 654 1072 713 invidere

27 745 215 818 accepimus.
261 743 358 818 primo
380 744 481 801 tamen
503 742 610 800 furtim
632 745 662 801 et
684 743 765 802 intra
787 760 855 802 suas
879 744 1006 819 quisque
1029 743 1072 800 la-

55 831 157 891 tebras
180 830 302 890 admisit
322 832 379 890 hcc
403 833 577 904 monstrum,
600 833 639 906 et
661 832 687 891 si
709 831 800 908 paulo
823 831 911 892 citius
934 833 1073 905 venisses,

56 920 205 998 potuisset
225 919 282 979 hoc
305 921 416 998 negari.
453 921 555 995 siqui
578 939 614 978 ex
636 922 735 998 strage
754 939 911 996 corporum
929 919 1073 994 defuerat,

57 1009 209 1085 sepultum
232 1008 424 1085 putabamus
451 1027 505 1068 nec
527 1011 628 1068 tamen
651 1009 797 1069 indicavit
820 1010 992 1086 quisquam,
1019 1027 1073 1068 nee

58 1096 253 1174 deprehendit
266 1098 383 1173 aliquis.
420 1115 506 1156 nemo
525 1099 559 1156 ut
577 1097 633 1158 hcc
650 1099 762 1158 faceret
786 1099 918 1176 exemplo
937 1099 1072 1174 inpulsus

17 1210 44 1253 11
58 1189 117 1262 est,
145 1204 174 1246 se
203 1189 328 1263 quisque
357 1187 471 1261 docuit,
499 1205 599 1246 omnes
623 1189 696 1246 scire
722 1189 886 1264 coepimus,
913 1190 1073 1264 postquam

58 1295 160 1336 omnes
186 1275 317 1336 fecimus.
365 1276 501 1351 quotiens
524 1277 639 1351 tamen,
663 1279 823 1352 antequam
845 1276 1019 1353 inciperem,
1041 1278 1074 1334 in

56 1367 179 1441 portum
197 1362 335 1423 cucurri?
353 1364 496 1440 quamdiu
513 1366 546 1423 in
564 1365 660 1423 altum
677 1368 818 1440 intentus,
838 1365 957 1442 siquae
977 1367 1074 1425 essent

57 1455 91 1512 in
114 1456 273 1530 conspectu
295 1473 395 1528 naves5
419 1455 520 1513 oculos
542 1452 693 1531 fatigavi?
737 1454 802 1530 tibi,
826 1455 933 1531 legate,
956 1456 1073 1529 tempus

58 1542 177 1602 differre
198 1542 286 1602 facile
306 1543 422 1619 estqui
442 1545 527 1601 tuam
549 1544 668 1603 tantum
689 1545 807 1619 partem
824 1562 885 1602 non
904 1543 1072 1602 vendidisti.

17 1654 43 1698 1⁶
57 1634 93 1690 tu
111 1651 199 1708 quem
221 1631 331 1690 habeas
350 1631 430 1689 diem
447 1631 566 1707 videris,
590 1651 644 1710 ego
664 1631 824 1708 septimum
842 1635 996 1708 expectare
1013 1651 1075 1691 non

57 1739 188 1797 possum.

125 1809 206 1887 Ergo
220 1808 319 1868 rabidi
332 1829 422 1886 supra
436 1810 582 1869 cadavera
599 1811 787 1870 incubuimus
801 1812 832 1869 et
846 1810 954 1870 clausis
969 1810 1072 1885 ocutis,
1091 1811 1110 1866 9

60 1899 146 1974 quasi
159 1898 239 1958 visus
258 1901 438 1959 conscientia
458 1898 590 1959 acerbior
604 1902 689 1975 esset,
702 1903 768 1959 tota
787 1918 910 1975 corpora
928 1899 1074 1958 morsibus

59 1989 302 2064 consumpsimus.
348 1988 429 2048 subit
450 1989 571 2047 interim
597 1989 702 2048 horror
724 2008 760 2048 ex
786 1990 866 2048 facte
890 1991 920 2047 et
941 1989 1075 2047 taedium

17 2101 45 2142 20
59 2095 95 2136 ae
122 2077 281 2136 detestatio
309 2077 355 2136 sui
382 2079 414 2136 et
440 2078 585 2152 planctus.
632 2079 683 2138 sed
707 2097 774 2137 cum
802 2077 839 2137 ab
867 2077 1006 2137 infaustis
1028 2078 1074 2136 fu-

59 2167 158 2244 gimus
181 2166 263 2240 cibis,
286 2167 348 2224 urit
369 2167 480 2225 iterum
501 2167 605 2240 fames,
628 2170 658 2226 et
681 2166 866 2243 quodmodo
885 2187 920 2225 ex
939 2185 989 2226 ore
1007 2186 1075 2242 pro-

59 2256 192 2330 iecimus,
215 2255 415 2333 colligendum
439 2258 491 2315 est.
537 2274 615 2314 nunc
636 2256 718 2314 mihi.
736 2256 791 2314 illa
816 2256 904 2315 foeda
927 2256 1075 2329 videntur,

58 2362 138 2418 nunc
161 2344 373 2418 abominanda,
395 2345 487 2404 laceri
510 2347 593 2405 artus
617 2348 647 2405 et
668 2345 782 2404 nudata
808 2363 875 2405 ossa
898 2347 928 2404 et
951 2343 1075 2420 abrepta

60 2435 127 2492 cute
145 2433 227 2492 intus
246 2451 352 2492 cavum
370 2436 481 2509 pectus.
518 2453 597 2493 nunc
616 2435 773 2494 occurrunt
792 2434 884 2494 effusa
901 2431 1076 2509 praecordia

17 2543 46 2586 as
60 2524 91 2581 et
108 2521 219 2581 lividae
233 2540 336 2582 carnes
351 2524 381 2580 et
400 2541 570 2599 expressum
588 2523 726 2583 dentibus
743 2523 848 2582 tabum
867 2525 897 2581 et
915 2523 1075 2581 exhaustae

60 2611 175 2672 ossibus
202 2610 359 2670 medullae.
406 2612 584 2687 quantulum
612 2612 691 2670 enim
712 2614 843 2688 eorporis
869 2612 963 2670 fames
986 2611 1075 2669 relin-

59 2697 193 2776 quebat?
228 2719 307 2760 nunc
328 2701 405 2759 illud
427 2701 532 2760 horreo
556 2704 682 2777 tempus,
705 2701 869 2776 siquando
893 2702 947 2758 aut
970 2717 1075 2758 manus

132 2906 288 2976 2qmdem
305 2907 338 2960 iu
355 2923 410 2961 rus.
428 2915 451 2958 V
523 2905 686 2959 barbitn'i:
706 2905 740 2958 -ii
758 2906 790 2960 iu
807 2914 917 2973 rus.11;
941 2904 1040 2958 arbitri
1059 2914 1081 2957 V

60 2977 152 3031 4di1i
193 2979 254 3032 erat
271 2987 326 3042 Vae
403 2976 486 3032 cibis:
506 2976 517 3031 i
534 2979 566 3031 iu
583 2994 638 3032 rus.
659 2979 702 3046 (ecc
720 2975 808 3046 cibus)
827 2986 855 3031 B
935 2975 1077 3040 binters

61 3049 146 3118 iqui
183 3058 234 3102 VM
251 3050 328 3119 (cerr.
347 3051 379 3102 iu
398 3049 447 3117 qui
461 3050 506 3118 V);
526 3048 589 3117 quis
608 3060 644 3112 ee
695 3063 729 3102 ex
751 3050 831 3118 trage
849 3057 901 3102 111
916 3048 940 3117 (s
957 3064 1033 3116 supr.
1048 3048 1076 3117 u)

60 3125 154 3174 8non
172 3136 224 3174 nec
240 3130 263 3173 v
349 3119 438 3173 9hac
455 3129 495 3188 Β,
514 3136 530 3173 0
548 3131 657 3190 saepae
748 3125 779 3172 11
805 3119 895 3172 omnis
914 3118 1032 3172 fecimus
1050 3127 1078 3172 B

62 3196 96 3245 14
115 3189 227 3245 diffene
245 3209 279 3247 ex
297 3189 408 3246 differte
427 3201 459 3244 Μ
519 3191 641 3245 vendisti
660 3200 692 3243 Μ
762 3195 795 3243 15
815 3190 965 3260 septimum
983 3191 1012 3243 et
1031 3204 1076 3243 ex-

60 3317 175 3386 pectare
193 3326 271 3371 Bm
340 3321 374 3371 20
394 3333 439 3371 ac:
456 3278 530 3382 afr
596 3315 753 3397 plactusp
823 3313 968 3368 infaustis:
992 3313 1076 3366 -ustis

59 3424 207 3491 scripsisse
288 3429 321 3477 21
346 3440 401 3492 quo
415 3433 467 3478 ω
535 3424 602 3494 ore}
623 3432 645 3475 V
702 3404 851 3496 pbfcin'rfl
931 3419 1076 3475 13111111-

60 3529 197 3584 minanda
219 3540 241 3583 V
299 3513 397 3600 aiepta
416 3540 448 3583 Μ
513 3535 690 3597 senonen,
708 3546 729 3581 u
746 3540 854 3598 sapae
926 3532 960 3581 25
980 3543 1082 3579 nunes

61 3617 225 3671 expressum
243 3611 302 3656 ΒΜ

116 3701 273 3749 varmmsr
283 3711 489 3746 usuummouns
505 3704 541 3748 ed.
556 3704 702 3748 Lchnert.
910 3688 952 3736 ᾗ
