2430 3952
496 205 711 287 rainelmo.
1050 207 1114 260 xxi

94 375 318 451 explanationes
346 375 566 448 suprascriptae
594 376 665 433 sunt
692 375 802 435 additis
829 377 909 434 notis
936 377 1043 434 scillcet
1065 375 1114 434 vel

92 466 126 524 td
149 469 196 523 est.
239 482 314 537 quae
338 482 433 538 neque
462 463 613 521 emendari
640 483 735 539 neque
763 464 917 540 explanari
943 467 1113 540 potuerunt,

93 553 263 631 significata
295 555 365 610 sunt
391 551 471 610 notis
498 549 514 610 r
537 553 585 611 vel
616 551 653 626 ἴς
685 545 733 633 (=
759 545 892 633 require)
919 554 967 612 vel
998 549 1035 627 ᾗ
1064 546 1113 633 (--·

94 661 226 718 quaere.

161 633 302 805 Ea)quae
320 731 353 787 in
372 728 583 788 Oolbertino
604 730 711 790 desunt
729 732 906 807 supplentur
929 731 1029 789 codice
1048 730 1113 789 Pa-

92 822 208 881 risino
234 811 365 898 78021)
389 817 587 878 bibliothecae
614 821 789 894 nationalis‚
817 820 890 879 olim
916 819 1114 878 bibliothecae

94 910 231 970 conditae
262 908 299 966 ab
327 908 524 966 FranciscoI
552 927 627 983 quae
658 909 768 967 dicitur
797 909 930 967 llbrairie
954 909 989 966 de
1021 909 1114 982 BloiS,

93 999 205 1059 saeculi
219 998 277 1056 ΧΠ
297 997 430 1057 exeuntis
448 998 497 1056 vel
511 997 586 1055 XIII
603 998 733 1057 ineuntis
751 997 977 1057 membranaceo
997 989 1051 1078 (31
1069 1008 1113 1060 ><

94 1092 134 1148 21
161 1080 221 1167 cm)
251 1087 392 1144 foliorum
419 1087 459 1144 88
491 1086 618 1144 duarum
655 1088 868 1146 columnarum¹
894 1105 1033 1146 versuum
1062 1088 1113 1144 41.

93 1178 152 1236 duo
175 1175 292 1234 librarii
315 1195 382 1233 eum
405 1175 508 1233 eodem
531 1178 664 1250 tempore
688 1178 887 1235 exaraverunt
904 1178 957 1250 ita,
980 1178 1015 1234 ut
1037 1177 1115 1234 alter

92 1268 143 1326 fol.
166 1267 272 1323 1—12
303 1267 333 1322 et
362 1266 508 1339 23-27,
536 1265 613 1323 alter
640 1267 757 1341 reliqua
784 1265 948 1324 conficeret.
994 1265 1114 1324 litterae

92 1355 227 1414 initiales
250 1354 340 1412 rubro
364 1357 395 1412 et
417 1353 507 1412 viridi
530 1355 627 1412 colore
648 1356 747 1430 pictae
770 1358 847 1414 sunt.
889 1354 965 1413 liber
988 1354 1113 1413 eundem

92 1444 217 1520 praebet
235 1445 350 1501 textum
369 1445 459 1518 atque
478 1442 632 1502 Parisinus
658 1445 753 1518 7800,
776 1444 880 1502 multis
904 1446 1005 1501 tamen
1024 1443 1114 1501 libra-

49 1567 52 1574 .
92 1536 206 1592 riorum
229 1532 360 1607 peccatis
384 1535 414 1590 et
437 1531 561 1607 syllabis
585 1533 734 1592 voculisve
761 1534 877 1591 omissis
901 1531 1037 1590 foedatus
1061 1535 1115 1605 est,

93 1642 161 1681 cum
183 1622 301 1680 librarii
323 1623 403 1680 iusto
426 1621 632 1698 neglegentius
655 1640 776 1680 munere
800 1640 852 1680 suo
877 1621 973 1679 functi
996 1621 1064 1679 sint.

160 1713 205 1770 Ex
228 1730 352 1769 numero
370 1710 516 1769 librorum
534 1711 714 1769 recensionis
737 1733 766 1790 γ,
790 1731 883 1768 unum
905 1712 1025 1768 nomino
1049 1709 1114 1767 Pa-

91 1802 245 1861 risinum
271 1791 430 1880 151032)
454 1800 507 1874 qui
529 1801 608 1858 inter
631 1802 694 1858 eius
723 1801 824 1859 classis
849 1799 963 1858 codices
986 1799 1114 1873 excellit,

91 1890 350 1948 membranaceum
375 1890 488 1946 formae
508 1890 631 1947 octavae
655 1889 796 1947 foliorum
821 1889 883 1947 235
908 1907 1047 1948 versuum
1072 1889 1112 1946 32

91 1981 139 2039 vel
170 1981 210 2038 35
240 1979 288 2036 vel
317 1980 368 2036 lc.
415 1977 505 2036 codex
534 1980 599 2036 eret
627 1978 698 2036 olim
725 1979 901 2036 monasterii
931 1976 959 2035 S.
982 1977 1115 2036 Victoris

92 2069 172 2144 quod
201 2068 261 2125 fuit
290 2086 383 2142 prope
413 2066 557 2142 Parisios,
593 2068 670 2126 sicut
700 2070 826 2143 apparet
856 2086 890 2124 ex
921 2067 1114 2125 adnotatione

93 2177 171 2232 quae
198 2157 311 2233 legitur
338 2157 389 2214 fol.
411 2157 493 2214 63¹⁰:
520 2157 597 2214 banc
623 2157 732 2216 librum
760 2157 914 2229 0000101033
939 2158 1115 2214 monasterio

91 2248 187 2306 suncti
212 2246 335 2304 Victoris
352 2261 448 2319 prope
465 2245 599 2304 Parisios
616 2248 711 2319 frater
728 2246 859 2303 Ioannes
876 2245 1022 2303 Lamosec
1044 2245 1115 2303 dum

92 2339 165 2394 esset
178 2337 265 2408 prior
284 2333 412 2393 eiusdem
431 2326 603 2414 0003001003),
623 2333 701 2393 unde
720 2336 748 2393 ei
765 2352 871 2392 nomen
893 2333 976 2391 dedit
988 2333 1114 2392 31030-

91 2424 167 2483 rini
185 2423 358 2482 Obrechtus.
399 2425 431 2480 in
454 2423 532 2481 libro
557 2425 608 2498 qui
632 2426 677 2482 est
699 2422 906 2482 miscellaneus
929 2424 1115 2481 saeculorum

92 2513 261 2585 XII—XV,
279 2511 383 2570 insunt
401 2507 571 2570 ‘Petrarcae
586 2512 656 2570 libri
670 2513 702 2570 H
720 2513 756 2570 de
775 2513 840 2571 vita
859 2511 1003 2585 solitaria,
1024 2511 1114 2580 Quin-

92 2603 193 2661 tiliani
216 2602 252 2658 de
277 2603 382 2677 causis,
406 2601 500 2660 Tullii
519 2600 554 2659 de
574 2601 680 2660 officim
704 2601 775 2659 libri
792 2601 848 2675 HI,
872 2601 1003 2659 eiusdem
1023 2601 1115 2658 Tullii

92 2692 170 2750 liber
192 2691 227 2749 de
248 2692 408 2767 senectute,
431 2689 562 2748 eiusdem
582 2690 618 2748 de
642 2691 785 2764 amicitia,
809 2690 938 2748 eiusdem
963 2689 1116 2764 paradoxa

91 2775 274 2840 stoicorum'.
312 2779 542 2838 declamationes
566 2781 684 2838 saeculo
703 2779 762 2837 XII
780 2780 906 2854 scriptas
926 2798 1002 2854 quae
1020 2781 1113 2836 conti-

90 2873 201 2928 nentur
222 2868 274 2926 fol.
294 2869 457 2942 64—157,
481 2871 629 2927 corrector
649 2868 779 2928 eiusdem
802 2870 910 2927 0030310
928 2869 1114 2926 retractavit.

90 2960 214 3017 lacunas
234 2957 379 3032 quasdam
398 2957 546 3031 finemque
565 2959 709 3016 omIssum
726 2957 795 3015 inde
816 2957 1115 3016 0000310101300000

91 3041 134 3125 (p.
151 3049 225 3121 351,
242 3039 298 3124 10)
318 3047 470 3121 supplevit
488 3045 628 3104 librarius
645 3047 758 3105 saeculi
775 3047 831 3104 XV
845 3066 880 3105 ex
898 3045 975 3105 libro
994 3046 1115 3104 infimae

90 3140 188 3197 notae.
231 3136 462 3195 declamationes
491 3139 611 3210 praeter
638 3135 750 3194 ΧΠΙΜΠ
775 3136 874 3195 titulis
904 3140 1015 3194 carent.
1056 3136 1115 3193 ini-

89 3227 178 3284 tiales
201 3224 291 3283 viridi
314 3224 412 3283 colore
435 3225 533 3300 pictae
556 3227 634 3282 sunt.

210 3429 244 3483 cf.
265 3428 431 3494 flammei,
450 3446 477 3497 p.
493 3433 535 3494 23,
556 3429 736 3497 Deseauer,
755 3450 783 3500 p.
800 3437 841 3486 28.

210 3500 244 3555 cf.
263 3500 430 3568 flammei,
450 3519 477 3569 p.
493 3504 536 3565 25,
555 3500 736 3568 00000000,
756 3522 782 3572 p.
799 3509 841 3558 29.

209 3576 393 3626 ille—1458.
