2430 3952
480 217 694 272 PRAEFATIO.
1007 217 1096 270 XXIX

70 390 207 448 tionibus
235 389 266 447 II
293 393 324 447 et
346 388 449 446 XVIII
479 387 643 463 exscripsit.
690 390 742 463 qui
774 387 881 462 quibus
911 387 1096 462 temporibus

72 498 149 556 opus
164 498 250 538 suum
265 479 447 552 conflaverit,
462 477 558 535 adhuc
572 476 702 536 tenebris
717 477 856 535 obrutum
873 479 925 535 est.
963 479 1097 535 attamen

72 569 270 645 depravatam
292 566 434 643 loquendi
458 567 701 625 consuetudinem
723 567 894 641 respicienti
918 584 993 641 quae
1015 566 1097 624 haud

71 659 178 734 paucis
201 657 274 715 locis
302 659 419 732 pugnat
449 675 516 714 oum
543 674 614 715 vero
644 656 738 714 latine
769 655 917 713 scribendi
944 673 999 712 usu
1022 655 1096 732 legi·

71 747 189 822 busque
222 745 425 822 grammaticis
464 763 537 819 quas
570 745 726 821 neglegere
758 745 804 802 illi
839 745 898 802 viri
930 743 1011 802 doeti
1043 745 1097 818 qui

72 835 173 894 medio
193 836 272 911 quod
291 837 416 894 uocatur
431 852 503 892 aevo
523 835 629 892 studiis
643 833 855 892 incumbebant
873 852 932 891 non
952 834 1096 910 solebant,

71 923 255 983 Hammeri
279 925 449 982 coniectura
473 923 585 981 arridet
608 924 660 998 qui
682 923 736 980 illa
756 925 894 997 excerpta
919 923 1024 996 quinto
1047 923 1095 982 vel

71 1018 157 1074 sexto
180 1034 208 1089 p.
229 1011 296 1071 chr.
315 1034 343 1070 n.
363 1013 480 1071 saeculo
505 1012 621 1070 tribuit.
662 1011 869 1070 Monacensem
897 1013 983 1070 annis
1009 1013 1095 1071 1900

71 1106 104 1161 et
130 1104 212 1161 1901
238 1102 378 1161 Monachi
402 1106 431 1160 et
454 1100 573 1176 Lipsiae
593 1101 714 1160 contuli.

140 1192 236 1250 Multo
261 1190 426 1267 expeditius
455 1193 551 1249 oratio
579 1190 714 1266 procedit
741 1193 774 1248 in
798 1190 943 1265 excerptis
967 1190 1095 1249 redactis

70 1283 104 1339 in
132 1282 260 1339 formam
289 1281 403 1356 dialogi
431 1299 499 1338 cum
527 1279 710 1353 adversario,
743 1280 821 1337 unde
850 1289 976 1354 apparet
999 1280 1094 1340 decla·

70 1372 220 1428 mationes
247 1371 303 1427 XV
327 1372 357 1427 et
382 1369 451 1427 XIX
482 1369 702 1445 coniungendas
733 1370 824 1427 fuisse
852 1388 919 1427 oum
948 1368 1095 1427 declama·
1134 1386 1143 1399 ⁴

71 1459 206 1518 tionibus
227 1459 302 1517 XIII
325 1461 355 1516 et
373 1458 483 1515 XVIII.
525 1461 560 1515 ut
581 1460 613 1516 in
633 1460 778 1533 excerptis
797 1458 1024 1516 Monacensibus
1047 1459 1095 1516 hic

72 1567 193 1623 quoque
221 1548 399 1606 declamatio
427 1547 475 1605 ΠΙ
504 1547 662 1623 repudiata
693 1547 789 1620 est‚I
821 1567 888 1604 cum
914 1547 946 1604 H
976 1547 1094 1606 coaluit.

72 1656 150 1712 quae
174 1639 320 1712 quantum
343 1636 438 1711 uideo,
462 1639 581 1696 servata
605 1637 675 1695 sunt
697 1636 847 1694 codicibus
871 1655 928 1695 sex.

140 1726 186 1783 Ex
210 1725 317 1800 quibus
340 1725 529 1784 Parisinus
552 1725 750 1784 bibliothecae
774 1724 936 1784 rationalis
961 1719 1094 1805 47091)

71 1815 314 1874 membranaceus
339 1807 393 1896 (P)
418 1816 531 1874 saeculi
555 1815 630 1872 XIII
657 1814 729 1872 olim
756 1816 855 1892 regius
886 1816 985 1888 5944,
1009 1815 1094 1873 folio-

71 1924 141 1962 rum
166 1906 228 1964 106
253 1924 394 1964 versuum
419 1905 459 1962 38
484 1905 581 1962 forma
604 1906 758 1963 octonaria
783 1907 828 1962 est
850 1902 926 1962 liber
948 1904 1094 1963 miscella·
1134 1960 1136 1965 .

70 2083 156 2156 diois,
180 2083 230 2142 fol.
251 2083 411 2140 till—92r
436 2085 574 2159 excerpta
597 2102 632 2141 ex
655 2081 921 2142 declamationibus
950 2101 1025 2156 quae
1049 2085 1094 2141 in-

70 2172 255 2231 scribuntur:
286 2171 539 2249 συγκεφαλαίωσις
568 2169 636 2231 καὶ·
653 2170 782 2247 σύνοψις
815 2179 874 2230 τῶν
903 2179 956 2230 τοῦ
985 2193 1094 2231 κοιντι-

70 2265 178 2320 λιανοῦ
202 2264 326 2336 μελετῶν
350 2255 383 2319 ie.
424 2261 532 2320 ultima
557 2280 627 2337 pars
655 2261 880 2320 declamationis
903 2255 1094 2338 xvmsxix

72 2351 183 2408 omissa
200 2342 282 2430 esti)
318 2350 393 2409 folia
409 2352 552 2408 921-94
568 2369 664 2410 vacua
680 2353 757 2408 sunt.
792 2353 960 2425 sequuntur
980 2350 1017 2408 ab
1033 2351 1093 2409 alia

70 2457 164 2497 manu
178 2439 269 2514 paulo
283 2441 447 2498 uetustiore
466 2441 578 2515 scripta
595 2438 730 2517 dialogus
749 2439 785 2497 de
803 2442 891 2513 terra,
912 2440 1002 2513 caelo,
1021 2440 1093 2499 locis

70 2527 206 2601 infernis,
230 2529 294 2605 igni
317 2529 501 2607 purgatorio,
517 2529 642 2606 ,legibus
666 2529 857 2587 observandis
880 2529 932 2586 fol.
953 2529 1093 2602 95-98,

71 2636 192 2675 carmen
217 2616 251 2675 de
275 2618 412 2676 trinitate
435 2617 486 2676 fol,
507 2619 655 2676 90-991
673 2619 703 2676 et
728 2620 800 2692 103,
823 2618 903 2693 quod
925 2619 1035 2693 exeipit
1057 2619 1093 2675 li·

70 2704 168 2765 bellus
192 2707 313 2781 quidam
338 2707 373 2764 de
397 2707 593 2766 oboedientia.
635 2708 710 2766 folia
731 2708 902 2766 intermissa
927 2710 1091 2766 car-102

70 2796 164 2855 tertia
186 2814 294 2853 manus
316 2796 455 2871 implevit
476 2797 609 2855 tractatu
634 2796 762 2870 quodam
784 2796 961 2874 theologico.

64 2897 67 2905 '
139 2884 176 2942 Iu
195 2884 372 2942 Vossiano
390 2887 485 2944 latino
503 2887 536 2943 in
555 2889 662 2960 quarto
680 2886 724 2944 84
741 2878 799 2966 (V)
815 2904 889 2944 0000.
908 2878 1092 2967 xllfxw)

70 2974 253 3033 antecedunt
276 2977 414 3050 excerpta
437 2974 572 3033 libellum
596 2975 748 3034 decausis
771 2994 870 3032 rerum
893 2976 941 3032 oui
964 2975 1093 3051 epistula

70 3063 216 3121 Adelardi
239 3063 449 3123 Bathoniensis
473 3063 511 3123 ad
529 3064 690 3123 Ricardum
712 3065 906 3123 Baiocensem
928 3067 1093 3138 praemissa

71 3154 125 3212 est.
168 3152 240 3211 ordo
263 3152 513 3212 declamationum
545 3172 578 3212 eo
606 3153 797 3228 perturbatus
825 3156 870 3212 est
893 3153 972 3228 quod
995 3153 1092 3212 deela-

70 3241 166 3300 matio
194 3241 269 3300 Vm
303 3241 454 3317 praecedit
485 3243 557 3300 decl.
586 3242 630 3300 VI
660 3245 690 3301 et
717 3242 784 3300 VII.
830 3243 861 3298 in
891 3243 1006 3317 primae
1038 3262 1091 3318 pa-

146 3450 172 3514 1)
191 3445 225 3501 01.
244 3446 412 3513 flammei,
432 3466 459 3516 p.
475 3453 517 3515 37,
536 3447 717 3513 Desaauer‚
737 3465 764 3516 p.
781 3453 822 3500 63.

145 3521 172 3586 2)
191 3517 226 3572 cf.
246 3519 283 3573 ad
301 3524 404 3587 p426,
421 3524 462 3572 14.

146 3592 172 3656 3)
191 3588 225 3644 01.
245 3590 412 3655 Hammon
431 3608 458 3658 p.
474 3597 517 3657 37,
536 3591 717 3658 00000000,
737 3610 763 3661 p.
781 3597 822 3644 62.
