2430 3952
362 177 595 233 DnonAMATIO
614 178 767 234 x1o-1e.
1008 180 1071 245 199

60 349 124 424 bor,
148 349 318 425 amplectar,
341 347 416 407 dabo
440 366 538 422 snpra.
581 366 640 407 non
663 350 708 407 est
729 351 807 407 ratio
829 349 964 408 fortasse.
1004 349 1071 408 ideo

62 438 204 514 quicquid
224 437 371 496 rationem
393 437 475 510 vicit,
500 436 621 496 affectus
644 439 697 496 est.
733 438 810 495 nihil
832 440 878 497 est
900 438 1071 498 sceleratius

60 527 201 603 prudenti
223 526 358 585 orbitate.
394 525 482 599 levia,
504 527 614 600 inquit,
636 527 715 585 levia
742 526 855 602 loquor.
897 546 951 603 ego
976 526 1072 586 filium

61 635 161 675 meum
182 615 328 674 videbam.
375 632 521 690 quaenam
542 615 633 673 istum
656 616 785 689 fortuna,
808 633 884 690 quae
906 616 1073 676 indulserat

33 704 195 765 seondicio
226 700 373 763 naturae?
422 721 482 761 non
515 703 687 762 excludebat
720 703 831 762 orbitas
864 705 963 764 oculos
995 709 1070 764 tuos.

62 812 128 853 eras
150 794 212 852 iam
234 795 403 866 consecuta,
430 793 534 866 mater,
556 794 591 851 ut
612 794 750 851 iuvenem
773 793 820 851 die
844 792 995 852 absentem
1017 813 1072 869 pu·

61 885 150 944 tares.
195 882 355 942 maximam
377 880 508 955 perdidit
530 899 609 940 mors
633 881 838 957 acerbitatem,
862 883 888 940 si
910 882 1006 958 possis
1028 884 1073 942 vi·

61 971 131 1031 dere
153 990 241 1047 quem
264 971 405 1029 amiseris.
451 969 551 1028 videre
574 989 644 1048 ergo
667 970 723 1029 tibi
746 971 945 1048 contingebat,
968 990 985 1030 o
1008 991 1072 1029 mu-

60 1060 129 1136 lier,
152 1061 283 1134 vultum,
310 1058 458 1133 habitum,
486 1077 604 1134 corpus,
632 1061 787 1119 incessum.
833 1079 893 1118 non
916 1060 1072 1136 crederem,

21 1166 48 1208 ro
61 1149 120 1209 nisi
141 1151 172 1207 te
200 1148 363 1225 perdidisse
386 1149 518 1206 sentires.
563 1150 698 1225 tempora
721 1167 791 1226 ergo
815 1168 881 1208 cum
909 1152 1005 1207 morte
1029 1149 1072 1207 di-

61 1238 173 1297 viseras
191 1239 223 1295 et
240 1237 398 1312 superstite
416 1235 478 1295 filio
497 1236 642 1296 fruebaris
657 1237 792 1296 omnibus
810 1238 948 1296 tenebris.
980 1258 1072 1314 quan-

60 1329 127 1386 tum
149 1326 321 1404 perdideris,
342 1324 411 1383 hino
434 1327 572 1384 aestima:
595 1326 651 1385 hoc
672 1326 737 1400 tibi,
760 1328 786 1384 si
808 1345 868 1385 non
891 1329 1073 1404 contigisset,

61 1435 121 1475 non
143 1433 207 1475 eras
230 1416 294 1474 tam
316 1413 465 1490 improba,
487 1416 522 1472 ut
544 1417 670 1491 optares.
717 1415 834 1490 aliquis,
858 1434 875 1474 o
898 1416 1005 1492 pietas,
1028 1435 1071 1476 se-

61 1506 165 1580 pultus
188 1506 219 1562 et
241 1503 390 1577 conditae,
413 1505 505 1562 ceteri
527 1504 657 1578 corporis
680 1502 754 1562 cinis
777 1506 807 1562 et
830 1504 947 1580 favilla,
972 1506 1072 1563 tamen

21 1610 47 1651 1⁵
62 1612 168 1670 corpus
196 1592 333 1652 sumebat
359 1593 391 1650 in
420 1594 506 1651 nocte
535 1596 565 1651 et
591 1592 630 1651 ad
657 1591 754 1651 solida
780 1595 908 1652 viventis
940 1595 1073 1653 membra

61 1685 218 1741 revocatus
240 1681 402 1757 praebebat
424 1699 455 1740 se
479 1683 583 1740 matris
607 1681 701 1741 oculis
721 1682 841 1756 qualem
863 1700 923 1741 non
941 1683 1072 1742 crederes
1159 1711 1160 1715 ¹

61 1789 251 1831 recessurum.
287 1787 341 1829 nec
359 1771 444 1844 queri
462 1769 497 1828 de
511 1769 576 1828 luce
594 1773 772 1846 poteramus.
806 1773 951 1846 quantum
964 1771 1073 1830 licebat

63 1860 174 1919 aderat.
219 1859 340 1919 videbas
372 1878 459 1936 ergo,
495 1859 616 1934 mulier,
652 1877 686 1918 ao
718 1859 886 1936 praesentia
918 1860 1072 1919 fruebaris.

62 1943 232 2023 ‘videbam’,
264 1948 375 2023 inquit,
404 1941 446 2006 ‘et
476 1947 604 2006 fruebar.
650 1951 681 2007 et
712 1948 750 2006 ad
778 1968 865 2024 quem
896 1949 1073 2025 pertinebat,

20 2053 49 2094 ao
61 2056 148 2115 rogo,
175 2037 293 2096 etiamsi
315 2032 514 2112 decipiebar‘l'
561 2037 613 2095 sed
636 2036 707 2112 quid
730 2056 784 2115 ego
807 2041 877 2097 utor
901 2039 1072 2098 testimonio

61 2124 135 2186 tuo?
170 2145 258 2203 mago
277 2126 363 2185 credo
387 2128 417 2184 et
434 2125 543 2184 vidisse
565 2128 596 2184 te
618 2126 715 2184 filium
738 2129 768 2185 et
785 2145 864 2186 nunc
886 2147 946 2187 non
964 2127 1072 2187 videre.

128 2214 170 2274 At
191 2217 226 2274 tu
248 2216 356 2289 misera
378 2214 454 2272 nibil
477 2214 623 2275 crudelius
646 2234 681 2274 ex
703 2217 811 2275 marito
833 2216 960 2274 timebas
983 2235 1073 2292 quam
1088 2216 1125 2271 1s

61 2324 99 2362 ne
125 2304 182 2362 tibi
209 2322 267 2362 non
292 2303 430 2362 crederet.
476 2297 595 2378 ‘nemo',
622 2304 733 2379 inquit,
758 2300 862 2364 ‘oculis
885 2307 958 2365 meis
985 2305 1073 2365 fidem

61 2393 207 2453 detrahat.
244 2391 296 2466 fili,
314 2392 570 2470 indulgentissime
589 2393 767 2468 adolescens,
781 2394 844 2453 vidi
861 2396 899 2469 te,
914 2412 967 2453 neo
983 2395 1074 2453 semel

20 2498 47 2539 ss
61 2482 133 2541 vidi.
179 2484 294 2541 certum
316 2483 373 2555 est,
400 2481 492 2539 fixum
514 2484 572 2555 est,
596 2481 670 2557 eripi
693 2501 753 2542 non
774 2485 881 2557 potest.
928 2486 1072 2558 quatenus

61 2571 171 2646 impius
198 2571 284 2646 pater
311 2573 342 2629 et
367 2571 423 2629 hoc
450 2569 508 2628 tibi
535 2569 649 2628 auferre
677 2574 812 2646 conatur,
840 2576 875 2630 ut
901 2574 932 2630 te
958 2573 1073 2630 venisse

61 2678 123 2720 non
150 2657 287 2718 credam?
331 2677 386 2718 nec
411 2659 487 2717 illud
515 2659 635 2735 garrula
661 2678 715 2718 nec
741 2679 820 2719 vana
844 2679 915 2719 voce
942 2660 1072 2737 vulgavi,

62 2749 163 2808 venire
185 2751 216 2807 te
238 2747 314 2805 nulli
340 2747 483 2823 indicavi,
510 2747 569 2806 nisi
592 2749 643 2824 qui
670 2748 790 2808 deberet
816 2751 932 2825 optare,
957 2752 991 2807 ut
1017 2751 1074 2808 hoc

62 2855 171 2915 posses.
216 2837 297 2912 patri
323 2838 442 2894 tantum
464 2839 529 2911 tuo,
557 2837 637 2912 patri
659 2838 844 2914 —ignosce
868 2837 1006 2914 deceptae
1033 2870 1071 2880 —

21 2941 49 2982 so
63 2926 196 2986 confessa
219 2944 293 3001 sum,
315 2925 388 2983 dum
409 2927 569 3003 interrogo,
593 2944 631 2983 an
653 2929 684 2984 te
707 2928 738 2985 et
759 2926 811 2984 ille
834 2922 976 2986 vidisset?

134 3076 298 3152 &vincitis
379 3077 566 3148 3prudenti{
584 3081 611 3148 (a
629 3080 676 3147 er.)
696 3087 727 3130 s!
806 3084 915 3146 squae
934 3096 983 3134 om.
1003 3089 1025 3132 V

62 3199 193 3256 occulos
211 3203 275 3254 tuos
294 3201 433 3266 orbitass
488 3163 606 3272 tudere}
621 3211 649 3254 Β
710 3207 743 3254 14
761 3203 854 3256 cetera
872 3203 931 3258 sce.
993 3208 1026 3256 15
1045 3205 1074 3257 et

61 3283 104 3327 11:
124 3273 173 3326 sed
191 3274 291 3341 reliqui
352 3273 481 3326 niventue
499 3274 541 3327 col
557 3273 687 3326 iuventus
706 3282 762 3326 ΜΡ
816 3278 849 3327 18
868 3274 1022 3328 adherebat
1036 3283 1073 3341 M,

61 3343 107 3398 vel
125 3343 244 3398 adherat
261 3365 293 3396 m
363 3343 417 3397 hac
439 3353 460 3395 v
530 3349 561 3398 19
581 3343 693 3397 fluebat
711 3353 748 3412 M,
767 3361 836 3400 corr.
849 3367 881 3398 m
953 3350 987 3399 20
1005 3362 1073 3415 rogo

61 3425 156 3471 onan
210 3420 243 3468 21
263 3432 320 3469 non
337 3424 436 3470 oms!
500 3420 534 3468 24
552 3414 605 3469 fili:
625 3414 728 3482 filii133
746 3415 806 3470 vidi
827 3417 888 3471 Obr.
953 3422 986 3469 25
1005 3431 1073 3484 qua-

61 3487 181 3540 tinusV
250 3485 397 3556 arvu1gvi
415 3495 457 3552 Μ,
476 3502 544 3541 corr.
559 3508 591 3539 m
662 3491 696 3539 29
715 3488 866 3556 deceptas
938 3492 971 3541 30
991 3503 1027 3540 an
1045 3489 1074 3540 te

62 3573 113 3613 om.
129 3566 165 3623 H,
184 3574 259 3626 supr.
274 3579 306 3610 m
