2430 3952
64 232 67 236 ,
142 159 206 223 104
467 159 591 214 AEGER
608 154 828 213 REDEMPTVS

140 329 218 388 levia
246 328 414 387 velamenta
440 326 657 388 transferrent?
702 329 769 403 quis
796 329 876 386 inter
905 329 1156 404 complorationes

141 419 329 494 gemitusque
348 435 476 494 somnus,
491 436 579 493 quem
592 420 642 476 vix
661 418 781 476 silentia
797 417 926 476 sollicita
944 418 1157 493 praestarent?

141 506 179 564 ad
202 525 277 580 quac
302 507 451 582 colloquia
473 506 599 565 tristitia
621 503 805 582 respiraret?
848 506 980 582 undique
1001 519 1095 582 pares
1116 511 1156 568 si-

139 594 283 670 milesque
306 596 417 669 miseri,
440 598 471 655 et
488 596 637 655 veteribus
661 595 788 671 captivis
811 595 943 654 adiectus
967 595 1077 655 cotidie
1102 617 1154 656 no·

139 703 193 742 vus
221 685 330 759 aliquis
357 685 524 761 impatiens,
572 703 724 759 compara,
752 683 778 742 si
804 684 935 759 ridetur,
962 685 1032 744 huic
1060 704 1153 763 aegro
1180 705 1191 745 5

87 779 122 832 11
140 775 346 848 captivitatem
368 776 487 831 tantum
509 776 600 831 tuam.
637 776 671 831 tn
695 772 827 848 quereris
847 772 1026 847 quodcibos
1049 775 1154 850 pirata

139 881 198 920 non
216 864 356 937 praestet,
378 862 429 919 ille
448 862 576 920 remittit
594 861 718 920 oblatos.
754 864 784 920 te
803 861 885 920 nuda
902 862 1018 937 humuS,
1036 864 1153 922 nudum

139 951 234 1009 cubile
262 951 387 1029 frangit,
418 951 469 1008 ille
498 950 536 1008 ad
563 951 694 1027 singulos
727 951 858 1009 ardentis
888 945 1018 1026 eorporis
1048 956 1151 1012 motus

138 1040 259 1114 insuper
282 1058 371 1114 supra
393 1041 493 1098 vincla
516 1042 651 1098 versatur
678 1042 708 1099 et
732 1057 908 1114 quocunque
935 1040 1068 1099 membra
1092 1042 1152 1101 las-

139 1131 204 1188 sata
227 1128 328 1187 dolore
350 1129 552 1203 transtulerit,
575 1129 606 1185 in
629 1129 809 1204 supplicium
831 1128 909 1188 redit
931 1134 1074 1188 renovata
1098 1150 1152 1207 pa·
1167 1147 1191 1186 ro

137 1217 252 1274 tientia.
297 1216 427 1275 breviter
450 1217 616 1277 saevissimi
642 1217 796 1294 languoris
819 1217 984 1276 definienda
1010 1237 1152 1279 mensura

139 1308 191 1364 est.
227 1324 288 1363 non
310 1308 411 1382 potest
434 1325 469 1364 ex
491 1307 545 1365 illo
568 1308 669 1364 sanari
690 1325 744 1365 neo
768 1325 856 1380 quem
873 1306 1032 1365 redemerit
1053 1312 1150 1383 pater.

204 1395 288 1453 Insta
311 1414 402 1470 nunc,
430 1396 455 1454 si
473 1395 600 1470 videtur,
624 1414 658 1454 aa
683 1395 819 1471 subinde,
847 1395 975 1470 iuvenis,
998 1397 1152 1474 interroga

139 1504 191 1542 our
214 1503 336 1562 aegrum
362 1486 463 1560 potius
487 1485 633 1562 elegerim.
678 1484 764 1543 reddi
787 1503 804 1542 a
826 1504 873 1542 me
895 1503 981 1560 posse
1004 1486 1153 1546 rationem

140 1593 191 1632 cur
213 1575 268 1632 hoo
291 1575 423 1650 fecerim,
446 1572 558 1650 putas?
594 1592 648 1650 ego
671 1593 741 1633 vero
765 1592 825 1632 non
847 1592 972 1648 possem,
995 1593 1049 1632 neo
1072 1577 1099 1634 si
1122 1579 1152 1634 te
1167 1589 1191 1630 15

138 1663 335 1721 redemissem.
382 1664 454 1738 quid
484 1665 562 1721 enim
592 1665 617 1722 si
646 1663 824 1738 respondere
856 1663 958 1721 iubeas
990 1664 1152 1723 orbitatem

139 1771 191 1826 cur
218 1753 249 1810 in
272 1755 411 1828 exequias
438 1754 519 1811 totos
543 1755 701 1828 exaggeret
728 1749 852 1811 census?
899 1750 971 1827 quid
997 1752 1052 1810 sibi
1075 1755 1152 1812 velit

138 1841 189 1898 ille
217 1841 388 1899 funebrium
419 1841 525 1918 longus
556 1841 627 1900 ordo
656 1838 855 1915 pomparum?
900 1859 952 1899 our
980 1859 1069 1915 super
1098 1843 1153 1900 fla-

139 1932 257 2005 grantes
287 1930 404 1988 iaceant
430 1927 539 2007 rogos?
585 1949 636 1988 cnr
659 1929 776 1987 ardenti
801 1948 861 1987 non
885 1929 1066 1989 divellantur
1088 1950 1151 1990 am-

137 2015 249 2092 plexu?
287 2021 317 2076 et
340 2037 394 2096 ego
418 2018 492 2094 dico,
514 2018 675 2094 proclamo,
698 2019 803 2092 fateor,
826 2019 932 2077 erroris
956 2021 1010 2076 aut
1032 2018 1151 2079 demen-
1165 2035 1191 2074 ro

137 2106 198 2164 tiae
221 2106 304 2164 furor
323 2110 376 2181 est,
400 2125 467 2164 oum
489 2107 601 2165 feceris
637 2107 694 2165 hoc
713 2110 758 2165 est
779 2127 857 2185 ergo,
880 2110 989 2183 inquit,
1014 2109 1094 2183 quod
1114 2110 1150 2168 de

137 2198 167 2252 te
190 2195 350 2270 praecipue
375 2214 489 2270 queror,
512 2196 691 2253 moriturum
713 2196 787 2253 mihi
810 2196 987 2271 praetulisti.
1030 2217 1150 2274 quaeso,

138 2283 265 2357 iuveniS,
293 2303 329 2342 ne
352 2284 437 2342 nobis
460 2286 547 2359 putes
569 2287 690 2343 tantum
717 2285 813 2343 inesse
836 2285 979 2360 feritatiS,
1005 2289 1040 2344 ut
1063 2288 1151 2347 illum

137 2373 321 2448 potuerimus
349 2374 505 2431 aestimare
532 2376 717 2432 moriturum.
763 2375 808 2432 vis
832 2394 891 2433 non
915 2393 1029 2451 sperem
1052 2378 1150 2436 victu·

137 2483 203 2521 rum
221 2462 317 2520 filium
336 2480 423 2537 quem
445 2465 517 2520 tunc
534 2463 664 2538 primum
683 2464 803 2538 aspicio,
824 2464 1003 2539 complector
1026 2483 1151 2542 aegrum
1164 2479 1190 2519 aa

139 2571 226 2626 quem
252 2552 352 2627 pirata
374 2570 435 2610 non
461 2554 578 2610 recusat
605 2552 663 2611 sibi
685 2550 834 2628 relinqui?
879 2555 905 2611 si
927 2555 1150 2628 persuasionem

137 2644 232 2716 patris
255 2643 432 2718 interroges,
460 2640 601 2715 quioquid
625 2644 668 2699 est
693 2642 772 2716 quod
793 2642 882 2699 miser
909 2645 1074 2717 torquetur,
1097 2645 1149 2701 ad-

137 2728 244 2803 ficitur,
263 2749 322 2788 non
340 2731 514 2807 languorem
532 2729 627 2805 credo,
646 2730 698 2788 scd
715 2730 943 2806 impatientiam,
962 2731 1150 2808 desiderium,

209 2904 237 2981 3,
249 2899 286 2952 ad
304 2915 389 2966 quae:
414 2901 499 2968 atque
518 2920 536 2951 α
555 2899 602 2969 (ad
621 2916 693 2967 quae
713 2900 753 2953 ‘et
770 2900 824 2954 hoc
843 2902 885 2953 est
905 2900 1016 2954 melius’
1036 2904 1077 2972 m)

137 2987 239 3059 tristid1
258 3014 279 3056 V
323 3004 494 3074 respirarent
509 3014 541 3058 Μ
587 2997 775 3060 4’νθ1θτίὶ)ι]εε
795 3022 825 3059 er
842 3007 941 3062 ireres.
955 3017 983 3061 B
1032 3009 1109 3078 usi}
1122 3019 1152 3061 B

138 3112 261 3180 6quod:
281 3129 336 3179 quo
356 3121 388 3165 Μ
444 3091 605 3183 ῖρταοεὲξὺ
623 3123 655 3167 Μ
710 3113 875 3166 8ardentes
898 3123 920 3166 V
974 3115 1082 3184 corpori
1101 3124 1154 3168 BV

138 3188 153 3235 9
177 3183 291 3251 insuper
309 3185 417 3252 scripsi:
438 3185 468 3237 in
486 3201 537 3238 sua
555 3208 577 3238 ω
658 3199 754 3254 supra:
775 3201 883 3252 semper
897 3192 938 3253 N;
957 3198 1039 3241 oms
1119 3187 1149 3239 in

138 3270 188 3307 sna
207 3271 291 3322 supra
309 3255 403 3308 vinela
421 3256 487 3311 tabe
507 3258 583 3311 Dess.
599 3273 627 3325 p.
643 3261 677 3310 91
760 3260 793 3308 10
816 3255 911 3309 reddit
932 3267 953 3308 V
1035 3263 1066 3310 11
1086 3257 1149 3310 ber-

137 3325 207 3378 viter
229 3335 251 3377 V
326 3326 639 3395 languorisiaros.13
718 3332 751 3380 15
770 3327 817 3381 hio
835 3336 862 3378 Ρ
946 3334 977 3382 17
998 3331 1149 3397 exaggeret

137 3398 246 3464 scripsi:
262 3399 393 3466 exegerat
406 3406 459 3464 Ββς
479 3400 631 3468 exaggerat
647 3407 697 3451 νΜ
709 3401 752 3467 (err
766 3401 935 3468 exaeggerat
949 3401 1001 3467 M);
1020 3402 1117 3468 egerat
1131 3413 1152 3452 o

139 3472 172 3521 18
192 3485 255 3520 cum
274 3478 301 3520 P
362 3473 394 3522 19
415 3485 478 3522 oum
498 3478 525 3520 Ρ
585 3474 619 3523 20
638 3471 688 3523 aut
706 3469 875 3523 dementiae:
894 3472 927 3521 ut
945 3469 1153 3523 dementiam

138 3545 170 3592 21
190 3538 292 3592 furoris
310 3548 342 3592 Μ
412 3545 445 3593 24
465 3540 624 3595 existimare
643 3553 663 3593 o
