<?xml version="1.0" encoding="UTF-8"?>
<!DOCTYPE html PUBLIC "-//W3C//DTD XHTML 1.0 Transitional//EN"
    "http://www.w3.org/TR/xhtml1/DTD/xhtml1-transitional.dtd">
<html xmlns="http://www.w3.org/1999/xhtml" xml:lang="en" lang="en">
 <head>
  <title>
</title>
<meta http-equiv="Content-Type" content="text/html;charset=utf-8" />
  <meta name='ocr-system' content='tesseract 3.04.00' />
  <meta name='ocr-capabilities' content='ocr_page ocr_carea ocr_par ocr_line ocrx_word'/>
</head>
<body>
  <div class='ocr_page' id='page_1' title='image "./qvintilianiqvae00quingoog_0410.png"; bbox 0 0 2430 3952; ppageno 0'>
   <div class='ocr_carea' id='block_1_1' title="bbox 130 213 862 280">
    <p class='ocr_par' dir='ltr' id='par_1_1' title="bbox 130 213 862 280">
     <span class='ocr_line' id='line_1_1' title="bbox 130 213 862 280; baseline -0.019 1"><span class='ocrx_word' id='word_1_1' title='bbox 130 213 197 280; x_wconf 78' lang='grc'>370</span> <span class='ocrx_word' id='word_1_2' title='bbox 410 213 600 270; x_wconf 80' lang='lat' dir='ltr'>EXCERP&#39;PA</span> <span class='ocrx_word' id='word_1_3' title='bbox 618 213 862 269; x_wconf 82' lang='lat' dir='ltr'>MONAGENSIA.</span> 
     </span>
    </p>
   </div>
   <div class='ocr_carea' id='block_1_2' title="bbox 122 383 1189 1260">
    <p class='ocr_par' dir='ltr' id='par_1_2' title="bbox 122 383 1189 1260">
     <span class='ocr_line' id='line_1_2' title="bbox 128 383 1155 463; baseline 0 -19"><span class='ocrx_word' id='word_1_4' title='bbox 128 404 195 444; x_wconf 85' lang='lat' dir='ltr'>curn</span> <span class='ocrx_word' id='word_1_5' title='bbox 218 385 392 463; x_wconf 72' lang='lat' dir='ltr'>gladiatore,</span> <span class='ocrx_word' id='word_1_6' title='bbox 439 403 493 462; x_wconf 89' lang='lat' dir='ltr'>ego</span> <span class='ocrx_word' id='word_1_7' title='bbox 515 386 644 459; x_wconf 88' lang='lat' dir='ltr'>tremens</span> <span class='ocrx_word' id='word_1_8' title='bbox 663 383 795 442; x_wconf 89' lang='lat' dir='ltr'>duellum</span> <span class='ocrx_word' id='word_1_9' title='bbox 812 383 938 460; x_wconf 83' lang='lat' dir='ltr'><strong>inspicio</strong></span> <span class='ocrx_word' id='word_1_10' title='bbox 961 385 992 442; x_wconf 90' lang='lat' dir='ltr'>et</span> <span class='ocrx_word' id='word_1_11' title='bbox 1009 385 1155 461; x_wconf 90' lang='lat' dir='ltr'>singulos</span> 
     </span>
     <span class='ocr_line' id='line_1_3' title="bbox 126 472 1156 550; baseline 0.002 -19"><span class='ocrx_word' id='word_1_12' title='bbox 126 473 203 533; x_wconf 85' lang='lat' dir='ltr'>ictus</span> <span class='ocrx_word' id='word_1_13' title='bbox 227 492 300 550; x_wconf 87' lang='lat' dir='ltr'>quos</span> <span class='ocrx_word' id='word_1_14' title='bbox 322 474 374 531; x_wconf 89' lang='lat' dir='ltr'>ilie</span> <span class='ocrx_word' id='word_1_15' title='bbox 398 472 572 549; x_wconf 75' lang='lat' dir='ltr'>perferebat.</span> <span class='ocrx_word' id='word_1_16' title='bbox 613 472 687 530; x_wconf 92' lang='lat' dir='ltr'>mihi</span> <span class='ocrx_word' id='word_1_17' title='bbox 709 472 811 532; x_wconf 86' lang='lat' dir='ltr'>illatas</span> <span class='ocrx_word' id='word_1_18' title='bbox 837 474 979 548; x_wconf 86' lang='lat' dir='ltr'>reputans</span> <span class='ocrx_word' id='word_1_19' title='bbox 1002 473 1156 533; x_wconf 86' lang='lat' dir='ltr'>imitabar</span> 
     </span>
     <span class='ocr_line' id='line_1_4' title="bbox 127 562 1154 641; baseline 0 -19"><span class='ocrx_word' id='word_1_20' title='bbox 127 565 227 641; x_wconf 86' lang='lat' dir='ltr'>gestus</span> <span class='ocrx_word' id='word_1_21' title='bbox 257 564 327 622; x_wconf 87' lang='lat' dir='ltr'>eius.</span> <span class='ocrx_word' id='word_1_22' title='bbox 372 563 507 621; x_wconf 89' lang='lat' dir='ltr'>mortuus</span> <span class='ocrx_word' id='word_1_23' title='bbox 538 563 583 620; x_wconf 90' lang='lat' dir='ltr'>est</span> <span class='ocrx_word' id='word_1_24' title='bbox 612 580 682 639; x_wconf 89' lang='lat' dir='ltr'>ergo</span> <span class='ocrx_word' id='word_1_25' title='bbox 713 563 743 620; x_wconf 86' lang='lat' dir='ltr'>et</span> <span class='ocrx_word' id='word_1_26' title='bbox 772 581 839 621; x_wconf 90' lang='lat' dir='ltr'>cnm</span> <span class='ocrx_word' id='word_1_27' title='bbox 868 563 978 620; x_wconf 84' lang='lat' dir='ltr'>viatico</span> <span class='ocrx_word' id='word_1_28' title='bbox 1009 562 1094 636; x_wconf 90' lang='lat' dir='ltr'>qnod</span> <span class='ocrx_word' id='word_1_29' title='bbox 1125 565 1154 622; x_wconf 89' lang='lat' dir='ltr'>ei</span> 
     </span>
     <span class='ocr_line' id='line_1_5' title="bbox 126 650 1153 729; baseline -0.001 -18"><span class='ocrx_word' id='word_1_30' title='bbox 126 652 321 728; x_wconf 77' lang='lat' dir='ltr'>superfuerat,</span> <span class='ocrx_word' id='word_1_31' title='bbox 350 670 403 729; x_wconf 87' lang='lat' dir='ltr'>ego</span> <span class='ocrx_word' id='word_1_32' title='bbox 427 670 492 711; x_wconf 87' lang='lat' dir='ltr'>sum</span> <span class='ocrx_word' id='word_1_33' title='bbox 514 667 657 709; x_wconf 86' lang='lat' dir='ltr'>reversus.</span> <span class='ocrx_word' id='word_1_34' title='bbox 701 652 819 727; x_wconf 91' lang='lat' dir='ltr'>patrem</span> <span class='ocrx_word' id='word_1_35' title='bbox 842 653 977 729; x_wconf 86' lang='lat' dir='ltr'>egentem</span> <span class='ocrx_word' id='word_1_36' title='bbox 1000 650 1082 709; x_wconf 89' lang='lat' dir='ltr'>alere</span> <span class='ocrx_word' id='word_1_37' title='bbox 1102 671 1153 710; x_wconf 86' lang='lat' dir='ltr'>me</span> 
     </span>
     <span class='ocr_line' id='line_1_6' title="bbox 125 741 1180 819; baseline 0.002 -19"><span class='ocrx_word' id='word_1_38' title='bbox 125 743 252 819; x_wconf 86' lang='lat' dir='ltr'>rogavit.</span> <span class='ocrx_word' id='word_1_39' title='bbox 295 759 373 799; x_wconf 93' lang='lat' dir='ltr'>nunc</span> <span class='ocrx_word' id='word_1_40' title='bbox 400 757 471 817; x_wconf 88' lang='lat' dir='ltr'>ergo</span> <span class='ocrx_word' id='word_1_41' title='bbox 500 759 548 798; x_wconf 87' lang='lat' dir='ltr'>me</span> <span class='ocrx_word' id='word_1_42' title='bbox 574 758 739 814; x_wconf 86' lang='lat' dir='ltr'>reversum,</span> <span class='ocrx_word' id='word_1_43' title='bbox 770 741 841 815; x_wconf 89' lang='lat' dir='ltr'>quia</span> <span class='ocrx_word' id='word_1_44' title='bbox 867 741 985 816; x_wconf 86' lang='lat' dir='ltr'>patrem</span> <span class='ocrx_word' id='word_1_45' title='bbox 1008 742 1180 818; x_wconf 79' lang='lat' dir='ltr'>egentems</span> 
     </span>
     <span class='ocr_line' id='line_1_7' title="bbox 126 828 1177 906; baseline 0 -18"><span class='ocrx_word' id='word_1_46' title='bbox 126 831 188 905; x_wconf 90' lang='lat' dir='ltr'>alo,</span> <span class='ocrx_word' id='word_1_47' title='bbox 214 850 262 889; x_wconf 91' lang='lat' dir='ltr'>me</span> <span class='ocrx_word' id='word_1_48' title='bbox 290 829 409 888; x_wconf 77' lang='lat' dir='ltr'>abdicas</span> <span class='ocrx_word' id='word_1_49' title='bbox 442 831 472 887; x_wconf 91' lang='lat' dir='ltr'>et</span> <span class='ocrx_word' id='word_1_50' title='bbox 503 829 595 887; x_wconf 88' lang='lat' dir='ltr'>abicis</span> <span class='ocrx_word' id='word_1_51' title='bbox 623 846 641 886; x_wconf 92' lang='grc'>1</span> <span class='ocrx_word' id='word_1_52' title='bbox 668 828 769 902; x_wconf 86' lang='lat' dir='ltr'>domo,</span> <span class='ocrx_word' id='word_1_53' title='bbox 800 828 1020 906; x_wconf 89' lang='lat' dir='ltr'>ingratissimus</span> <span class='ocrx_word' id='word_1_54' title='bbox 1050 832 1177 904; x_wconf 56' lang='lat' dir='ltr'>pater.¹</span> 
     </span>
     <span class='ocr_line' id='line_1_8' title="bbox 124 917 1153 995; baseline 0 -18"><span class='ocrx_word' id='word_1_55' title='bbox 124 919 218 995; x_wconf 88' lang='lat' dir='ltr'>pudet</span> <span class='ocrx_word' id='word_1_56' title='bbox 249 937 420 977; x_wconf 88' lang='lat' dir='ltr'>enumerare</span> <span class='ocrx_word' id='word_1_57' title='bbox 449 917 655 976; x_wconf 74' lang='lat' dir='ltr'>calamitatum</span> <span class='ocrx_word' id='word_1_58' title='bbox 684 935 817 975; x_wconf 89' lang='lat' dir='ltr'>mearum</span> <span class='ocrx_word' id='word_1_59' title='bbox 847 917 970 994; x_wconf 85' lang='lat' dir='ltr'>gradus,</span> <span class='ocrx_word' id='word_1_60' title='bbox 1004 917 1153 994; x_wconf 81' lang='lat' dir='ltr'>piratam,</span> 
     </span>
     <span class='ocr_line' id='line_1_9' title="bbox 125 1004 1152 1084; baseline 0 -18"><span class='ocrx_word' id='word_1_61' title='bbox 125 1010 279 1081; x_wconf 85' lang='lat' dir='ltr'>lanistam,</span> <span class='ocrx_word' id='word_1_62' title='bbox 307 1009 433 1084; x_wconf 81' lang='lat' dir='ltr'>patrem.</span> <span class='ocrx_word' id='word_1_63' title='bbox 479 1008 505 1064; x_wconf 90' lang='lat' dir='ltr'>si</span> <span class='ocrx_word' id='word_1_64' title='bbox 534 1006 609 1064; x_wconf 89' lang='lat' dir='ltr'>mihi</span> <span class='ocrx_word' id='word_1_65' title='bbox 637 1004 747 1065; x_wconf 88' lang='lat' dir='ltr'>obicias</span> <span class='ocrx_word' id='word_1_66' title='bbox 778 1006 858 1082; x_wconf 89' lang='lat' dir='ltr'>quod</span> <span class='ocrx_word' id='word_1_67' title='bbox 888 1006 1026 1065; x_wconf 85' lang='lat' dir='ltr'>amabam</span> <span class='ocrx_word' id='word_1_68' title='bbox 1057 1007 1152 1066; x_wconf 86' lang='lat' dir='ltr'>iilum</span> 
     </span>
     <span class='ocr_line' id='line_1_10' title="bbox 125 1095 1152 1175; baseline 0.001 -20"><span class='ocrx_word' id='word_1_69' title='bbox 125 1097 177 1173; x_wconf 88' lang='lat' dir='ltr'>qui</span> <span class='ocrx_word' id='word_1_70' title='bbox 204 1097 354 1175; x_wconf 83' lang='lat' dir='ltr'>gladiator</span> <span class='ocrx_word' id='word_1_71' title='bbox 380 1097 452 1170; x_wconf 86' lang='lat' dir='ltr'>fuit,</span> <span class='ocrx_word' id='word_1_72' title='bbox 480 1096 514 1153; x_wconf 90' lang='lat' dir='ltr'>in</span> <span class='ocrx_word' id='word_1_73' title='bbox 540 1096 596 1154; x_wconf 91' lang='lat' dir='ltr'>hoo</span> <span class='ocrx_word' id='word_1_74' title='bbox 627 1095 720 1154; x_wconf 89' lang='lat' dir='ltr'>obicis</span> <span class='ocrx_word' id='word_1_75' title='bbox 746 1095 822 1153; x_wconf 90' lang='lat' dir='ltr'>mihi</span> <span class='ocrx_word' id='word_1_76' title='bbox 854 1095 933 1169; x_wconf 94' lang='lat' dir='ltr'>quod</span> <span class='ocrx_word' id='word_1_77' title='bbox 962 1095 1072 1153; x_wconf 86' lang='lat' dir='ltr'>vivam.</span> <span class='ocrx_word' id='word_1_78' title='bbox 1124 1099 1152 1156; x_wconf 90' lang='lat' dir='ltr'>si</span> 
     </span>
     <span class='ocr_line' id='line_1_11' title="bbox 122 1183 1189 1260; baseline 0.002 -16"><span class='ocrx_word' id='word_1_79' title='bbox 122 1188 233 1244; x_wconf 88' lang='lat' dir='ltr'>iterum</span> <span class='ocrx_word' id='word_1_80' title='bbox 252 1185 363 1245; x_wconf 91' lang='lat' dir='ltr'>obicias</span> <span class='ocrx_word' id='word_1_81' title='bbox 383 1204 435 1244; x_wconf 90' lang='lat' dir='ltr'>our</span> <span class='ocrx_word' id='word_1_82' title='bbox 453 1184 584 1243; x_wconf 73' lang='lat' dir='ltr'>dilexisti</span> <span class='ocrx_word' id='word_1_83' title='bbox 602 1183 697 1242; x_wconf 88' lang='lat' dir='ltr'>filium</span> <span class='ocrx_word' id='word_1_84' title='bbox 710 1185 826 1242; x_wconf 90' lang='lat' dir='ltr'>inimici</span> <span class='ocrx_word' id='word_1_85' title='bbox 843 1186 911 1258; x_wconf 74' lang='lat' dir='ltr'>mei</span> <span class='ocrx_word' id='word_1_86' title='bbox 929 1203 990 1242; x_wconf 92' lang='lat' dir='ltr'>non</span> <span class='ocrx_word' id='word_1_87' title='bbox 1006 1187 1150 1260; x_wconf 85' lang='lat' dir='ltr'>poteram</span> <span class='ocrx_word' id='word_1_88' title='bbox 1164 1206 1189 1246; x_wconf 88' lang='grc'>10</span> 
     </span>
    </p>
   </div>
   <div class='ocr_carea' id='block_1_3' title="bbox 1 1273 1150 1349">
    <p class='ocr_par' dir='ltr' id='par_1_3' title="bbox 1 1273 1150 1349">
     <span class='ocr_line' id='line_1_12' title="bbox 1 1273 1150 1349; baseline 0 -15"><span class='ocrx_word' id='word_1_89' title='bbox 1 1336 3 1341; x_wconf 70' lang='grc'>,</span> <span class='ocrx_word' id='word_1_90' title='bbox 124 1275 221 1334; x_wconf 88' lang='lat' dir='ltr'>odisse</span> <span class='ocrx_word' id='word_1_91' title='bbox 249 1275 301 1349; x_wconf 91' lang='lat' dir='ltr'>qui</span> <span class='ocrx_word' id='word_1_92' title='bbox 328 1293 375 1333; x_wconf 91' lang='lat' dir='ltr'>me</span> <span class='ocrx_word' id='word_1_93' title='bbox 402 1276 521 1333; x_wconf 88' lang='lat' dir='ltr'>tanturn</span> <span class='ocrx_word' id='word_1_94' title='bbox 549 1273 683 1348; x_wconf 86' lang='lat' dir='ltr'>amabat,</span> <span class='ocrx_word' id='word_1_95' title='bbox 709 1274 801 1332; x_wconf 91' lang='lat' dir='ltr'>immo</span> <span class='ocrx_word' id='word_1_96' title='bbox 830 1292 864 1332; x_wconf 92' lang='lat' dir='ltr'>eo</span> <span class='ocrx_word' id='word_1_97' title='bbox 895 1273 974 1349; x_wconf 90' lang='lat' dir='ltr'>qnod</span> <span class='ocrx_word' id='word_1_98' title='bbox 1001 1273 1058 1333; x_wconf 94' lang='lat' dir='ltr'>hoc</span> <span class='ocrx_word' id='word_1_99' title='bbox 1081 1277 1150 1334; x_wconf 88' lang='grc'>11111</span> 
     </span>
    </p>
   </div>
   <div class='ocr_carea' id='block_1_4' title="bbox 115 1362 1188 3491">
    <p class='ocr_par' dir='ltr' id='par_1_4' title="bbox 115 1362 1188 3491">
     <span class='ocr_line' id='line_1_13' title="bbox 123 1362 1149 1442; baseline -0.002 -20"><span class='ocrx_word' id='word_1_100' title='bbox 123 1383 224 1422; x_wconf 89' lang='lat' dir='ltr'>rarum</span> <span class='ocrx_word' id='word_1_101' title='bbox 243 1366 296 1439; x_wconf 88' lang='lat' dir='ltr'>est,</span> <span class='ocrx_word' id='word_1_102' title='bbox 319 1366 354 1422; x_wconf 88' lang='lat' dir='ltr'>ut</span> <span class='ocrx_word' id='word_1_103' title='bbox 371 1362 467 1421; x_wconf 91' lang='lat' dir='ltr'>filium</span> <span class='ocrx_word' id='word_1_104' title='bbox 484 1363 599 1421; x_wconf 91' lang='lat' dir='ltr'>inimici</span> <span class='ocrx_word' id='word_1_105' title='bbox 616 1364 711 1438; x_wconf 87' lang='lat' dir='ltr'>patris</span> <span class='ocrx_word' id='word_1_106' title='bbox 737 1364 803 1437; x_wconf 82' lang='lat' dir='ltr'>q11is</span> <span class='ocrx_word' id='word_1_107' title='bbox 822 1364 910 1436; x_wconf 82' lang='lat' dir='ltr'>amet,</span> <span class='ocrx_word' id='word_1_108' title='bbox 928 1363 1029 1438; x_wconf 92' lang='lat' dir='ltr'>ipsum</span> <span class='ocrx_word' id='word_1_109' title='bbox 1046 1366 1149 1442; x_wconf 86' lang='lat' dir='ltr'>magis</span> 
     </span>
     <span class='ocr_line' id='line_1_14' title="bbox 124 1451 1150 1553; baseline 0.001 -43"><span class='ocrx_word' id='word_1_110' title='bbox 124 1453 268 1512; x_wconf 90' lang='lat' dir='ltr'>amabam.</span> <span class='ocrx_word' id='word_1_111' title='bbox 310 1455 472 1529; x_wconf 88' lang='lat' dir='ltr'>praeterea,</span> <span class='ocrx_word' id='word_1_112' title='bbox 494 1471 562 1511; x_wconf 91' lang='lat' dir='ltr'>cum</span> <span class='ocrx_word' id='word_1_113' title='bbox 585 1451 622 1510; x_wconf 91' lang='lat' dir='ltr'>ab</span> <span class='ocrx_word' id='word_1_114' title='bbox 645 1451 774 1509; x_wconf 87' lang='lat' dir='ltr'>infantia</span> <span class='ocrx_word' id='word_1_115' title='bbox 793 1470 846 1510; x_wconf 88' lang='lat' dir='ltr'>nos</span> <span class='ocrx_word' id='word_1_116' title='bbox 870 1452 912 1510; x_wconf 88' lang='lat' dir='ltr'>sio</span> <span class='ocrx_word' id='word_1_117' title='bbox 935 1453 1150 1553; x_wconf 74' lang='lat' dir='ltr'>amaverimus,</span> 
     </span>
     <span class='ocr_line' id='line_1_15' title="bbox 122 1540 1150 1618; baseline 0.003 -18"><span class='ocrx_word' id='word_1_118' title='bbox 122 1561 275 1617; x_wconf 91' lang='lat' dir='ltr'>nunquam</span> <span class='ocrx_word' id='word_1_119' title='bbox 302 1543 377 1602; x_wconf 90' lang='lat' dir='ltr'>alias</span> <span class='ocrx_word' id='word_1_120' title='bbox 405 1560 493 1618; x_wconf 87' lang='lat' dir='ltr'>super</span> <span class='ocrx_word' id='word_1_121' title='bbox 522 1540 578 1600; x_wconf 92' lang='grc'>1101</span> <span class='ocrx_word' id='word_1_122' title='bbox 599 1542 695 1600; x_wconf 92' lang='lat' dir='ltr'>iratus</span> <span class='ocrx_word' id='word_1_123' title='bbox 719 1558 749 1599; x_wconf 86' lang='lat' dir='ltr'>cs</span> <span class='ocrx_word' id='word_1_124' title='bbox 772 1540 860 1615; x_wconf 82' lang='lat' dir='ltr'>mihi,</span> <span class='ocrx_word' id='word_1_125' title='bbox 891 1542 952 1599; x_wconf 93' lang='lat' dir='ltr'>nisi</span> <span class='ocrx_word' id='word_1_126' title='bbox 973 1558 1053 1599; x_wconf 92' lang='lat' dir='ltr'>nnnc</span> <span class='ocrx_word' id='word_1_127' title='bbox 1075 1545 1150 1617; x_wconf 86' lang='lat' dir='ltr'>post</span> 
     </span>
     <span class='ocr_line' id='line_1_16' title="bbox 121 1629 1188 1732; baseline 0.002 -42"><span class='ocrx_word' id='word_1_128' title='bbox 121 1633 275 1706; x_wconf 89' lang='lat' dir='ltr'>receptum</span> <span class='ocrx_word' id='word_1_129' title='bbox 301 1629 520 1690; x_wconf 84' lang='lat' dir='ltr'>inaestimabile</span> <span class='ocrx_word' id='word_1_130' title='bbox 546 1629 721 1688; x_wconf 86' lang='lat' dir='ltr'>beneficium</span> <span class='ocrx_word' id='word_1_131' title='bbox 744 1630 846 1704; x_wconf 87' lang='lat' dir='ltr'>amici,</span> <span class='ocrx_word' id='word_1_132' title='bbox 873 1629 905 1686; x_wconf 94' lang='lat' dir='ltr'>in</span> <span class='ocrx_word' id='word_1_133' title='bbox 933 1648 991 1704; x_wconf 88' lang='lat' dir='ltr'>quo</span> <span class='ocrx_word' id='word_1_134' title='bbox 1016 1648 1188 1732; x_wconf 68' lang='lat' dir='ltr'>apparasse</span> 
     </span>
     <span class='ocr_line' id='line_1_17' title="bbox 121 1719 1148 1820; baseline 0.001 -42"><span class='ocrx_word' id='word_1_135' title='bbox 121 1721 349 1796; x_wconf 88' lang='lat' dir='ltr'>ingratissimus.</span> <span class='ocrx_word' id='word_1_136' title='bbox 396 1719 550 1778; x_wconf 88' lang='lat' dir='ltr'>considera</span> <span class='ocrx_word' id='word_1_137' title='bbox 572 1738 643 1797; x_wconf 87' lang='lat' dir='ltr'>ergo</span> <span class='ocrx_word' id='word_1_138' title='bbox 661 1737 823 1820; x_wconf 85' lang='lat' dir='ltr'>pauperem</span> <span class='ocrx_word' id='word_1_139' title='bbox 844 1719 937 1778; x_wconf 89' lang='lat' dir='ltr'>istum</span> <span class='ocrx_word' id='word_1_140' title='bbox 959 1737 1018 1777; x_wconf 94' lang='lat' dir='ltr'>non</span> <span class='ocrx_word' id='word_1_141' title='bbox 1042 1721 1148 1779; x_wconf 89' lang='lat' dir='ltr'>inimi·</span> 
     </span>
     <span class='ocr_line' id='line_1_18' title="bbox 123 1809 1147 1911; baseline -0.001 -43"><span class='ocrx_word' id='word_1_142' title='bbox 123 1827 192 1868; x_wconf 91' lang='lat' dir='ltr'>cum</span> <span class='ocrx_word' id='word_1_143' title='bbox 221 1809 273 1869; x_wconf 91' lang='lat' dir='ltr'>sed</span> <span class='ocrx_word' id='word_1_144' title='bbox 302 1811 419 1911; x_wconf 79' lang='lat' dir='ltr'>patrem</span> <span class='ocrx_word' id='word_1_145' title='bbox 449 1810 546 1867; x_wconf 86' lang='lat' dir='ltr'>amici.</span> <span class='ocrx_word' id='word_1_146' title='bbox 603 1827 638 1866; x_wconf 86' lang='lat' dir='ltr'>ex</span> <span class='ocrx_word' id='word_1_147' title='bbox 667 1809 795 1867; x_wconf 89' lang='lat' dir='ltr'>miseriis</span> <span class='ocrx_word' id='word_1_148' title='bbox 830 1827 903 1883; x_wconf 87' lang='lat' dir='ltr'>quas</span> <span class='ocrx_word' id='word_1_149' title='bbox 932 1825 1037 1883; x_wconf 88' lang='lat' dir='ltr'>passus</span> <span class='ocrx_word' id='word_1_150' title='bbox 1067 1827 1147 1885; x_wconf 90' lang='lat' dir='ltr'>snm,</span> 
     </span>
     <span class='ocr_line' id='line_1_19' title="bbox 121 1897 1147 1972; baseline 0.001 -17"><span class='ocrx_word' id='word_1_151' title='bbox 121 1897 213 1956; x_wconf 87' lang='lat' dir='ltr'>didici</span> <span class='ocrx_word' id='word_1_152' title='bbox 236 1899 351 1957; x_wconf 88' lang='lat' dir='ltr'>miseris</span> <span class='ocrx_word' id='word_1_153' title='bbox 371 1897 506 1956; x_wconf 89' lang='lat' dir='ltr'>misereri</span> <span class='ocrx_word' id='word_1_154' title='bbox 528 1899 559 1955; x_wconf 90' lang='lat' dir='ltr'>et</span> <span class='ocrx_word' id='word_1_155' title='bbox 580 1898 709 1955; x_wconf 88' lang='lat' dir='ltr'>maxime</span> <span class='ocrx_word' id='word_1_156' title='bbox 728 1898 824 1954; x_wconf 90' lang='lat' dir='ltr'>amico</span> <span class='ocrx_word' id='word_1_157' title='bbox 842 1898 875 1954; x_wconf 90' lang='lat' dir='ltr'>in</span> <span class='ocrx_word' id='word_1_158' title='bbox 896 1915 1028 1972; x_wconf 87' lang='lat' dir='ltr'>paupere</span> <span class='ocrx_word' id='word_1_159' title='bbox 1046 1901 1147 1972; x_wconf 88' lang='lat' dir='ltr'>patre.</span> 
     </span>
     <span class='ocr_line' id='line_1_20' title="bbox 121 1985 1147 2063; baseline 0.001 -17"><span class='ocrx_word' id='word_1_160' title='bbox 121 1987 172 2046; x_wconf 89' lang='lat' dir='ltr'>sed</span> <span class='ocrx_word' id='word_1_161' title='bbox 192 1987 283 2046; x_wconf 87' lang='lat' dir='ltr'>dices:</span> <span class='ocrx_word' id='word_1_162' title='bbox 301 1987 439 2044; x_wconf 90' lang='lat' dir='ltr'>inimicus</span> <span class='ocrx_word' id='word_1_163' title='bbox 457 2004 540 2044; x_wconf 89' lang='lat' dir='ltr'>meus</span> <span class='ocrx_word' id='word_1_164' title='bbox 559 1988 612 2044; x_wconf 89' lang='grc'>111.</span> <span class='ocrx_word' id='word_1_165' title='bbox 640 1985 691 2044; x_wconf 92' lang='lat' dir='ltr'>sed</span> <span class='ocrx_word' id='word_1_166' title='bbox 710 1985 864 2045; x_wconf 90' lang='lat' dir='ltr'>considera</span> <span class='ocrx_word' id='word_1_167' title='bbox 882 1985 962 2061; x_wconf 89' lang='lat' dir='ltr'>qnod</span> <span class='ocrx_word' id='word_1_168' title='bbox 980 1987 1026 2046; x_wconf 87' lang='lat' dir='ltr'>est</span> <span class='ocrx_word' id='word_1_169' title='bbox 1042 1986 1147 2063; x_wconf 90' lang='lat' dir='ltr'>homo,</span> 
     </span>
     <span class='ocr_line' id='line_1_21' title="bbox 122 2074 1188 2150; baseline 0.005 -18"><span class='ocrx_word' id='word_1_170' title='bbox 122 2075 201 2149; x_wconf 92' lang='lat' dir='ltr'>quod</span> <span class='ocrx_word' id='word_1_171' title='bbox 224 2077 311 2150; x_wconf 90' lang='lat' dir='ltr'>pater</span> <span class='ocrx_word' id='word_1_172' title='bbox 334 2075 430 2132; x_wconf 89' lang='lat' dir='ltr'>amici.</span> <span class='ocrx_word' id='word_1_173' title='bbox 476 2093 552 2149; x_wconf 89' lang='lat' dir='ltr'>quae</span> <span class='ocrx_word' id='word_1_174' title='bbox 575 2074 650 2148; x_wconf 85' lang='lat' dir='ltr'>laus,</span> <span class='ocrx_word' id='word_1_175' title='bbox 673 2076 700 2134; x_wconf 93' lang='lat' dir='ltr'>si</span> <span class='ocrx_word' id='word_1_176' title='bbox 723 2076 818 2133; x_wconf 89' lang='lat' dir='ltr'>amico</span> <span class='ocrx_word' id='word_1_177' title='bbox 836 2074 911 2133; x_wconf 92' lang='lat' dir='ltr'>bene</span> <span class='ocrx_word' id='word_1_178' title='bbox 933 2075 1017 2148; x_wconf 84' lang='lat' dir='ltr'>facis,</span> <span class='ocrx_word' id='word_1_179' title='bbox 1041 2076 1096 2134; x_wconf 88' lang='lat' dir='ltr'>sed</span> <span class='ocrx_word' id='word_1_180' title='bbox 1120 2080 1188 2137; x_wconf 82' lang='lat' dir='ltr'>siro</span> 
     </span>
     <span class='ocr_line' id='line_1_22' title="bbox 120 2163 1147 2244; baseline 0.006 -24"><span class='ocrx_word' id='word_1_181' title='bbox 120 2164 181 2222; x_wconf 88' lang='lat' dir='ltr'>tuis</span> <span class='ocrx_word' id='word_1_182' title='bbox 205 2163 310 2238; x_wconf 91' lang='lat' dir='ltr'>opibus</span> <span class='ocrx_word' id='word_1_183' title='bbox 333 2165 411 2223; x_wconf 81' lang='lat' dir='ltr'>vivit</span> <span class='ocrx_word' id='word_1_184' title='bbox 432 2164 578 2222; x_wconf 88' lang='lat' dir='ltr'>inimicus.</span> <span class='ocrx_word' id='word_1_185' title='bbox 624 2163 673 2222; x_wconf 91' lang='lat' dir='ltr'>hic</span> <span class='ocrx_word' id='word_1_186' title='bbox 695 2165 773 2222; x_wconf 89' lang='lat' dir='ltr'>iacet</span> <span class='ocrx_word' id='word_1_187' title='bbox 790 2163 857 2223; x_wconf 88' lang='lat' dir='ltr'>iaus</span> <span class='ocrx_word' id='word_1_188' title='bbox 875 2166 937 2222; x_wconf 87' lang='lat' dir='ltr'>tua.</span> <span class='ocrx_word' id='word_1_189' title='bbox 982 2183 1053 2222; x_wconf 88' lang='lat' dir='ltr'>nam</span> <span class='ocrx_word' id='word_1_190' title='bbox 1078 2185 1147 2244; x_wconf 86' lang='lat' dir='ltr'>ego,</span> 
     </span>
     <span class='ocr_line' id='line_1_23' title="bbox 121 2252 1147 2329; baseline 0.004 -19"><span class='ocrx_word' id='word_1_191' title='bbox 121 2253 146 2310; x_wconf 92' lang='lat' dir='ltr'>si</span> <span class='ocrx_word' id='word_1_192' title='bbox 170 2252 242 2328; x_wconf 92' lang='lat' dir='ltr'>quid</span> <span class='ocrx_word' id='word_1_193' title='bbox 264 2255 296 2311; x_wconf 91' lang='lat' dir='ltr'>in</span> <span class='ocrx_word' id='word_1_194' title='bbox 323 2255 438 2329; x_wconf 89' lang='lat' dir='ltr'>patrem</span> <span class='ocrx_word' id='word_1_195' title='bbox 462 2254 621 2312; x_wconf 86' lang='lat' dir='ltr'>servatoris</span> <span class='ocrx_word' id='word_1_196' title='bbox 648 2255 708 2311; x_wconf 90' lang='lat' dir='ltr'>mei</span> <span class='ocrx_word' id='word_1_197' title='bbox 735 2253 868 2328; x_wconf 87' lang='lat' dir='ltr'>confero,</span> <span class='ocrx_word' id='word_1_198' title='bbox 895 2272 955 2311; x_wconf 93' lang='lat' dir='ltr'>non</span> <span class='ocrx_word' id='word_1_199' title='bbox 987 2272 1054 2312; x_wconf 89' lang='lat' dir='ltr'>sum</span> <span class='ocrx_word' id='word_1_200' title='bbox 1077 2255 1147 2314; x_wconf 86' lang='lat' dir='ltr'>lau·</span> 
     </span>
     <span class='ocr_line' id='line_1_24' title="bbox 121 2340 1146 2418; baseline 0.006 -20"><span class='ocrx_word' id='word_1_201' title='bbox 121 2340 242 2401; x_wconf 91' lang='lat' dir='ltr'>dandus.</span> <span class='ocrx_word' id='word_1_202' title='bbox 290 2341 387 2418; x_wconf 79' lang='lat' dir='ltr'>aspice</span> <span class='ocrx_word' id='word_1_203' title='bbox 411 2342 506 2400; x_wconf 88' lang='lat' dir='ltr'>solum</span> <span class='ocrx_word' id='word_1_204' title='bbox 534 2345 669 2418; x_wconf 84' lang='lat' dir='ltr'>egentem</span> <span class='ocrx_word' id='word_1_205' title='bbox 693 2361 792 2401; x_wconf 88' lang='lat' dir='ltr'>senem</span> <span class='ocrx_word' id='word_1_206' title='bbox 820 2341 956 2401; x_wconf 90' lang='lat' dir='ltr'>omnibus</span> <span class='ocrx_word' id='word_1_207' title='bbox 982 2343 1146 2417; x_wconf 83' lang='lat' dir='ltr'>praesidiis</span> 
     </span>
     <span class='ocr_line' id='line_1_25' title="bbox 119 2430 1146 2509; baseline 0.004 -22"><span class='ocrx_word' id='word_1_208' title='bbox 119 2430 304 2490; x_wconf 86' lang='lat' dir='ltr'>destitutum.</span> <span class='ocrx_word' id='word_1_209' title='bbox 351 2433 462 2490; x_wconf 87' lang='lat' dir='ltr'>amicus</span> <span class='ocrx_word' id='word_1_210' title='bbox 485 2433 544 2489; x_wconf 92' lang='lat' dir='ltr'>mei</span> <span class='ocrx_word' id='word_1_211' title='bbox 567 2431 642 2489; x_wconf 90' lang='grc'>1111111</span> <span class='ocrx_word' id='word_1_212' title='bbox 664 2432 817 2506; x_wconf 88' lang='lat' dir='ltr'>praestitit</span> <span class='ocrx_word' id='word_1_213' title='bbox 841 2430 920 2506; x_wconf 90' lang='lat' dir='ltr'>quod</span> <span class='ocrx_word' id='word_1_214' title='bbox 942 2449 1002 2489; x_wconf 93' lang='lat' dir='ltr'>non</span> <span class='ocrx_word' id='word_1_215' title='bbox 1025 2436 1146 2509; x_wconf 88' lang='lat' dir='ltr'>rogavi,</span> 
     </span>
     <span class='ocr_line' id='line_1_26' title="bbox 120 2519 1186 2598; baseline 0.007 -22"><span class='ocrx_word' id='word_1_216' title='bbox 120 2521 149 2577; x_wconf 94' lang='lat' dir='ltr'>et</span> <span class='ocrx_word' id='word_1_217' title='bbox 172 2539 231 2577; x_wconf 93' lang='lat' dir='ltr'>non</span> <span class='ocrx_word' id='word_1_218' title='bbox 253 2521 410 2595; x_wconf 89' lang='lat' dir='ltr'>pecuniam</span> <span class='ocrx_word' id='word_1_219' title='bbox 433 2519 484 2579; x_wconf 89' lang='lat' dir='ltr'>sed</span> <span class='ocrx_word' id='word_1_220' title='bbox 511 2538 542 2578; x_wconf 86' lang='grc'>11</span> <span class='ocrx_word' id='word_1_221' title='bbox 564 2522 671 2596; x_wconf 90' lang='lat' dir='ltr'>ipsum.</span> <span class='ocrx_word' id='word_1_222' title='bbox 713 2538 768 2598; x_wconf 87' lang='lat' dir='ltr'>ego</span> <span class='ocrx_word' id='word_1_223' title='bbox 791 2522 819 2578; x_wconf 90' lang='lat' dir='ltr'>ei</span> <span class='ocrx_word' id='word_1_224' title='bbox 845 2523 877 2578; x_wconf 92' lang='lat' dir='ltr'>in</span> <span class='ocrx_word' id='word_1_225' title='bbox 899 2539 1030 2596; x_wconf 90' lang='lat' dir='ltr'>paupere</span> <span class='ocrx_word' id='word_1_226' title='bbox 1054 2525 1145 2597; x_wconf 87' lang='lat' dir='ltr'>patre</span> <span class='ocrx_word' id='word_1_227' title='bbox 1160 2542 1186 2583; x_wconf 80' lang='grc'>11</span> 
     </span>
     <span class='ocr_line' id='line_1_27' title="bbox 118 2608 1145 2688; baseline 0.001 -21"><span class='ocrx_word' id='word_1_228' title='bbox 118 2611 240 2687; x_wconf 89' lang='lat' dir='ltr'>rogatus</span> <span class='ocrx_word' id='word_1_229' title='bbox 264 2628 323 2668; x_wconf 93' lang='lat' dir='ltr'>non</span> <span class='ocrx_word' id='word_1_230' title='bbox 341 2609 512 2684; x_wconf 89' lang='lat' dir='ltr'>impendam</span> <span class='ocrx_word' id='word_1_231' title='bbox 532 2609 610 2683; x_wconf 92' lang='lat' dir='ltr'>quod</span> <span class='ocrx_word' id='word_1_232' title='bbox 628 2610 715 2684; x_wconf 80' lang='lat' dir='ltr'>petit,</span> <span class='ocrx_word' id='word_1_233' title='bbox 738 2628 797 2667; x_wconf 92' lang='lat' dir='ltr'>non</span> <span class='ocrx_word' id='word_1_234' title='bbox 819 2628 876 2683; x_wconf 90' lang='lat' dir='ltr'>me,</span> <span class='ocrx_word' id='word_1_235' title='bbox 899 2608 951 2668; x_wconf 91' lang='lat' dir='ltr'>sed</span> <span class='ocrx_word' id='word_1_236' title='bbox 972 2612 1145 2688; x_wconf 73' lang='lat' dir='ltr'>pecuniam,</span> 
     </span>
     <span class='ocr_line' id='line_1_28' title="bbox 119 2697 1145 2775; baseline 0.005 -19"><span class='ocrx_word' id='word_1_237' title='bbox 119 2715 185 2756; x_wconf 90' lang='lat' dir='ltr'>cum</span> <span class='ocrx_word' id='word_1_238' title='bbox 209 2701 239 2756; x_wconf 89' lang='lat' dir='ltr'>et</span> <span class='ocrx_word' id='word_1_239' title='bbox 260 2717 308 2756; x_wconf 89' lang='lat' dir='ltr'>me</span> <span class='ocrx_word' id='word_1_240' title='bbox 331 2699 389 2757; x_wconf 93' lang='lat' dir='ltr'>sibi</span> <span class='ocrx_word' id='word_1_241' title='bbox 411 2698 542 2756; x_wconf 88' lang='lat' dir='ltr'>debeam.</span> <span class='ocrx_word' id='word_1_242' title='bbox 589 2697 668 2772; x_wconf 80' lang='lat' dir='ltr'>audi,</span> <span class='ocrx_word' id='word_1_243' title='bbox 690 2701 791 2773; x_wconf 87' lang='lat' dir='ltr'>pater,</span> <span class='ocrx_word' id='word_1_244' title='bbox 815 2699 957 2756; x_wconf 85' lang='lat' dir='ltr'>alimenta</span> <span class='ocrx_word' id='word_1_245' title='bbox 979 2699 1040 2757; x_wconf 88' lang='lat' dir='ltr'>ista</span> <span class='ocrx_word' id='word_1_246' title='bbox 1062 2719 1145 2775; x_wconf 86' lang='lat' dir='ltr'>quae</span> 
     </span>
     <span class='ocr_line' id='line_1_29' title="bbox 118 2788 1145 2864; baseline 0.002 -19"><span class='ocrx_word' id='word_1_247' title='bbox 118 2788 230 2846; x_wconf 91' lang='lat' dir='ltr'>donata</span> <span class='ocrx_word' id='word_1_248' title='bbox 252 2789 352 2864; x_wconf 90' lang='lat' dir='ltr'>egenti</span> <span class='ocrx_word' id='word_1_249' title='bbox 369 2788 467 2862; x_wconf 89' lang='lat' dir='ltr'>putas,</span> <span class='ocrx_word' id='word_1_250' title='bbox 491 2789 597 2862; x_wconf 85' lang='lat' dir='ltr'>quanti</span> <span class='ocrx_word' id='word_1_251' title='bbox 614 2788 661 2845; x_wconf 92' lang='lat' dir='ltr'>illi</span> <span class='ocrx_word' id='word_1_252' title='bbox 679 2789 815 2846; x_wconf 87' lang='lat' dir='ltr'>constent</span> <span class='ocrx_word' id='word_1_253' title='bbox 832 2790 886 2864; x_wconf 90' lang='lat' dir='ltr'>qui</span> <span class='ocrx_word' id='word_1_254' title='bbox 907 2806 961 2863; x_wconf 92' lang='lat' dir='ltr'>pro</span> <span class='ocrx_word' id='word_1_255' title='bbox 981 2806 1030 2846; x_wconf 86' lang='lat' dir='ltr'>me</span> <span class='ocrx_word' id='word_1_256' title='bbox 1054 2789 1145 2848; x_wconf 88' lang='lat' dir='ltr'>orba·</span> 
     </span>
     <span class='ocr_line' id='line_1_30' title="bbox 117 2876 1145 2953; baseline 0.003 -18"><span class='ocrx_word' id='word_1_257' title='bbox 117 2877 165 2935; x_wconf 86' lang='lat' dir='ltr'>tus</span> <span class='ocrx_word' id='word_1_258' title='bbox 197 2879 242 2935; x_wconf 88' lang='lat' dir='ltr'>est</span> <span class='ocrx_word' id='word_1_259' title='bbox 264 2876 334 2935; x_wconf 89' lang='lat' dir='ltr'>filio.</span> <span class='ocrx_word' id='word_1_260' title='bbox 377 2877 458 2935; x_wconf 89' lang='lat' dir='ltr'>inter</span> <span class='ocrx_word' id='word_1_261' title='bbox 486 2878 601 2951; x_wconf 88' lang='lat' dir='ltr'>piratas</span> <span class='ocrx_word' id='word_1_262' title='bbox 630 2895 677 2934; x_wconf 91' lang='lat' dir='ltr'>me</span> <span class='ocrx_word' id='word_1_263' title='bbox 701 2878 863 2952; x_wconf 85' lang='lat' dir='ltr'>quaesivit,</span> <span class='ocrx_word' id='word_1_264' title='bbox 892 2895 959 2935; x_wconf 90' lang='lat' dir='ltr'>cnm</span> <span class='ocrx_word' id='word_1_265' title='bbox 988 2879 1023 2934; x_wconf 91' lang='lat' dir='ltr'>tu</span> <span class='ocrx_word' id='word_1_266' title='bbox 1052 2881 1145 2953; x_wconf 88' lang='lat' dir='ltr'>pater</span> 
     </span>
     <span class='ocr_line' id='line_1_31' title="bbox 117 2964 1184 3044; baseline 0.008 -23"><span class='ocrx_word' id='word_1_267' title='bbox 117 2965 350 3040; x_wconf 86' lang='lat' dir='ltr'>redemptionem</span> <span class='ocrx_word' id='word_1_268' title='bbox 372 2964 516 3039; x_wconf 89' lang='lat' dir='ltr'>tardares,</span> <span class='ocrx_word' id='word_1_269' title='bbox 539 2985 598 3023; x_wconf 93' lang='lat' dir='ltr'>non</span> <span class='ocrx_word' id='word_1_270' title='bbox 616 2967 769 3025; x_wconf 87' lang='lat' dir='ltr'>inveniens</span> <span class='ocrx_word' id='word_1_271' title='bbox 789 2966 827 3024; x_wconf 92' lang='lat' dir='ltr'>ad</span> <span class='ocrx_word' id='word_1_272' title='bbox 845 2967 985 3024; x_wconf 89' lang='lat' dir='ltr'>lanistam</span> <span class='ocrx_word' id='word_1_273' title='bbox 1004 2966 1184 3044; x_wconf 72' lang='lat' dir='ltr'>festinatae</span> 
     </span>
     <span class='ocr_line' id='line_1_32' title="bbox 116 3054 1143 3132; baseline 0.005 -22"><span class='ocrx_word' id='word_1_274' title='bbox 116 3054 150 3110; x_wconf 92' lang='lat' dir='ltr'>in</span> <span class='ocrx_word' id='word_1_275' title='bbox 179 3054 250 3112; x_wconf 92' lang='lat' dir='ltr'>ludo</span> <span class='ocrx_word' id='word_1_276' title='bbox 280 3054 481 3132; x_wconf 86' lang='lat' dir='ltr'>gladiatorum</span> <span class='ocrx_word' id='word_1_277' title='bbox 510 3074 557 3113; x_wconf 92' lang='lat' dir='ltr'>me</span> <span class='ocrx_word' id='word_1_278' title='bbox 591 3056 710 3130; x_wconf 87' lang='lat' dir='ltr'>reperit.</span> <span class='ocrx_word' id='word_1_279' title='bbox 759 3057 791 3113; x_wconf 91' lang='lat' dir='ltr'>in</span> <span class='ocrx_word' id='word_1_280' title='bbox 821 3055 927 3132; x_wconf 88' lang='lat' dir='ltr'>vigilia</span> <span class='ocrx_word' id='word_1_281' title='bbox 956 3057 987 3113; x_wconf 88' lang='lat' dir='ltr'>et</span> <span class='ocrx_word' id='word_1_282' title='bbox 1015 3073 1143 3132; x_wconf 85' lang='lat' dir='ltr'>vespere</span> 
     </span>
     <span class='ocr_line' id='line_1_33' title="bbox 116 3143 1142 3220; baseline 0.007 -21"><span class='ocrx_word' id='word_1_283' title='bbox 116 3144 222 3215; x_wconf 85' lang='lat' dir='ltr'>mortis</span> <span class='ocrx_word' id='word_1_284' title='bbox 239 3162 293 3218; x_wconf 89' lang='lat' dir='ltr'>pro</span> <span class='ocrx_word' id='word_1_285' title='bbox 317 3163 364 3201; x_wconf 90' lang='lat' dir='ltr'>me</span> <span class='ocrx_word' id='word_1_286' title='bbox 386 3146 521 3202; x_wconf 86' lang='lat' dir='ltr'>moritur.</span> <span class='ocrx_word' id='word_1_287' title='bbox 563 3144 670 3203; x_wconf 87' lang='lat' dir='ltr'>etheo</span> <span class='ocrx_word' id='word_1_288' title='bbox 693 3163 752 3202; x_wconf 92' lang='lat' dir='ltr'>uno</span> <span class='ocrx_word' id='word_1_289' title='bbox 774 3145 870 3203; x_wconf 83' lang='lat' dir='ltr'>tristis</span> <span class='ocrx_word' id='word_1_290' title='bbox 890 3143 1035 3202; x_wconf 88' lang='lat' dir='ltr'>occiditur</span> <span class='ocrx_word' id='word_1_291' title='bbox 1057 3147 1142 3220; x_wconf 90' lang='lat' dir='ltr'>quod</span> 
     </span>
     <span class='ocr_line' id='line_1_34' title="bbox 118 3231 1142 3308; baseline 0.007 -20"><span class='ocrx_word' id='word_1_292' title='bbox 118 3231 245 3306; x_wconf 90' lang='lat' dir='ltr'>amplius</span> <span class='ocrx_word' id='word_1_293' title='bbox 270 3234 398 3291; x_wconf 89' lang='lat' dir='ltr'>amicum</span> <span class='ocrx_word' id='word_1_294' title='bbox 420 3235 538 3291; x_wconf 81' lang='grc'>11111111</span> <span class='ocrx_word' id='word_1_295' title='bbox 557 3252 617 3291; x_wconf 93' lang='lat' dir='ltr'>non</span> <span class='ocrx_word' id='word_1_296' title='bbox 645 3235 717 3292; x_wconf 89' lang='lat' dir='ltr'>erat.</span> <span class='ocrx_word' id='word_1_297' title='bbox 763 3251 859 3308; x_wconf 88' lang='lat' dir='ltr'>neque</span> <span class='ocrx_word' id='word_1_298' title='bbox 880 3252 950 3292; x_wconf 87' lang='lat' dir='ltr'>vero</span> <span class='ocrx_word' id='word_1_299' title='bbox 973 3233 1142 3308; x_wconf 88' lang='lat' dir='ltr'>plurimum</span> 
     </span>
     <span class='ocr_line' id='line_1_35' title="bbox 116 3319 1141 3397; baseline 0.008 -20"><span class='ocrx_word' id='word_1_300' title='bbox 116 3319 184 3395; x_wconf 69' lang='lat' dir='ltr'>fuit</span> <span class='ocrx_word' id='word_1_301' title='bbox 202 3323 385 3396; x_wconf 87' lang='lat' dir='ltr'>praestitisse</span> <span class='ocrx_word' id='word_1_302' title='bbox 403 3325 537 3381; x_wconf 87' lang='lat' dir='ltr'>mortem.</span> <span class='ocrx_word' id='word_1_303' title='bbox 575 3342 646 3381; x_wconf 90' lang='lat' dir='ltr'>nam</span> <span class='ocrx_word' id='word_1_304' title='bbox 663 3324 784 3381; x_wconf 92' lang='lat' dir='ltr'>interim</span> <span class='ocrx_word' id='word_1_305' title='bbox 802 3324 934 3397; x_wconf 87' lang='lat' dir='ltr'>specioso</span> <span class='ocrx_word' id='word_1_306' title='bbox 952 3322 1043 3381; x_wconf 89' lang='lat' dir='ltr'>titulo</span> <span class='ocrx_word' id='word_1_307' title='bbox 1062 3323 1141 3384; x_wconf 85' lang='lat' dir='ltr'>bene</span> 
     </span>
     <span class='ocr_line' id='line_1_36' title="bbox 115 3410 1182 3491; baseline 0.007 -24"><span class='ocrx_word' id='word_1_308' title='bbox 115 3410 181 3468; x_wconf 82' lang='lat' dir='ltr'>uita</span> <span class='ocrx_word' id='word_1_309' title='bbox 203 3413 351 3485; x_wconf 85' lang='lat' dir='ltr'>pensatur.</span> <span class='ocrx_word' id='word_1_310' title='bbox 393 3412 469 3470; x_wconf 87' lang='lat' dir='ltr'>illud</span> <span class='ocrx_word' id='word_1_311' title='bbox 488 3414 588 3470; x_wconf 86' lang='lat' dir='ltr'>autem</span> <span class='ocrx_word' id='word_1_312' title='bbox 611 3414 656 3471; x_wconf 90' lang='lat' dir='ltr'>est</span> <span class='ocrx_word' id='word_1_313' title='bbox 674 3412 769 3470; x_wconf 90' lang='lat' dir='ltr'>amico</span> <span class='ocrx_word' id='word_1_314' title='bbox 793 3412 922 3488; x_wconf 72' lang='lat' dir='ltr'>gravius</span> <span class='ocrx_word' id='word_1_315' title='bbox 945 3430 1054 3470; x_wconf 91' lang='lat' dir='ltr'>nornen</span> <span class='ocrx_word' id='word_1_316' title='bbox 1072 3415 1138 3491; x_wconf 85' lang='lat' dir='ltr'>gla·</span> <span class='ocrx_word' id='word_1_317' title='bbox 1154 3433 1182 3474; x_wconf 78' lang='lat' dir='ltr'>sc</span> 
     </span>
    </p>
   </div>
   <div class='ocr_carea' id='block_1_5' title="bbox 183 3601 408 3670">
    <p class='ocr_par' dir='ltr' id='par_1_5' title="bbox 183 3601 408 3670">
     <span class='ocr_line' id='line_1_37' title="bbox 183 3601 408 3670; baseline 0 -17"><span class='ocrx_word' id='word_1_318' title='bbox 183 3603 219 3653; x_wconf 80' lang='lat'>29</span> <span class='ocrx_word' id='word_1_319' title='bbox 234 3601 356 3670; x_wconf 79' lang='lat' dir='ltr'>pyratas</span> <span class='ocrx_word' id='word_1_320' title='bbox 375 3607 408 3653; x_wconf 73' lang='grc' dir='ltr'>Ι</span> 
     </span>
    </p>
   </div>
   <div class='ocr_carea' id='block_1_6' title="bbox 0 0 1220 3952">
    <p class='ocr_par' dir='ltr' id='par_1_6' title="bbox 0 0 1220 3952">
     <span class='ocr_line' id='line_1_38' title="bbox 0 0 1220 3952; baseline 0 4"><span class='ocrx_word' id='word_1_321' title='bbox 0 0 1220 3952; x_wconf 95' lang='lat' dir='ltr'> </span> 
     </span>
    </p>
   </div>
  </div>
 </body>
</html>
