2430 3952
381 200 616 257 necamus
634 201 673 255 VI
687 207 799 256 le-is.
1032 203 1094 267 1:21

81 372 182 475 quies,
198 370 262 446 sed,
283 371 364 446 quod
379 371 527 431 malorum
544 389 677 429 meorum
694 373 824 428 maxima
843 375 942 446 portio
961 376 1014 435 est
1031 376 1096 430 tam

80 462 186 521 miseri
221 462 293 521 sunt
326 460 420 518 etiam
450 460 564 519 domini
599 462 666 518 mei
711 461 771 517 cito
803 462 1019 535 praetereunda
1050 466 1095 520 est

80 549 228 610 memoria
253 552 377 626 propter
402 570 450 607 me
476 550 561 608 uxori
588 552 702 627 gravis
733 548 808 606 mihi
838 562 961 626 propter
991 550 1094 610 filium.

81 643 205 699 mansee
226 638 359 699 hirsutos
379 638 511 697 bostium
528 638 631 696 uultus
653 640 715 696 et
706 640 883 695 immanium
903 638 1148 697 barbarorum18

57 730 163 790 sferos
188 727 341 802 fremitus,
371 730 549 802 tantumque
574 728 651 785 mibi
677 727 786 785 cotidie
816 745 879 785 esse
905 728 1096 786 metuendum

82 818 234 894 quantum
254 817 322 892 pati
343 820 461 892 captus,
489 816 599 874 audere
626 817 726 892 piretu
752 819 907 892 potuisset.
952 816 1028 874 nihil
1051 822 1097 875 est

83 906 231 967 desiderio
254 924 377 966 suorum
398 906 533 983 gravius:
559 907 662 978 timui,
688 925 726 963 ne
749 924 837 979 quem
860 925 896 964 ex
917 907 991 963 meis
1014 904 1096 962 vide-

81 1014 154 1055 rem
190 994 269 1053 nihil
284 998 463 1070 tempestate
480 995 639 1053 minacius:
657 993 766 1053 cotidie
779 996 970 1072 naufragium
983 995 1095 1069 optavi.

82 1103 155 1143 nam
176 1088 312 1158 mortem,
334 1082 484 1157 confiteor,
506 1084 592 1142 senili
614 1085 724 1141 inertia
742 1103 803 1142 una
821 1102 911 1142 causa
928 1087 1027 1142 minus
1047 1103 1096 1141 cu·

46 1174 217 1251 rapiebam,
242 1192 281 1231 ue
303 1172 475 1231 defunctum
501 1191 588 1230 nemo
611 1173 758 1247 sepeliret.
803 1193 894 1249 quam
916 1182 1029 1232 vestem
1051 1191 1096 1230 re-

83 1263 189 1323 lictam
210 1262 331 1337 captivo
357 1264 448 1338 putas
473 1261 532 1320 nisi
554 1280 630 1336 quae
657 1262 769 1337 praeda
794 1282 854 1321 non
882 1261 966 1321 erat?
994 1263 1096 1337 quales

84 1351 189 1428 epulas
211 1351 350 1426 cibosque
371 1350 516 1425 praebent
533 1350 586 1426 qui
607 1352 666 1424 ipsi
687 1353 775 1426 rapto
794 1349 919 1408 vivimt‘?
956 1370 1026 1409 nam
1043 1352 1097 1409 illa

83 1440 207 1516 quidem
229 1439 302 1500 satis
324 1439 414 1517 digne
436 1441 504 1515 quis
527 1439 649 1497 dixerit:
673 1439 767 1497 udum
789 1457 936 1498 carcerem
959 1443 989 1497 et
1011 1442 1096 1497 inun-

84 1530 159 1589 data
181 1530 300 1588 sentina
317 1529 439 1587 vincula
455 1532 486 1587 et
502 1530 677 1604 impositum
695 1528 775 1586 nuda
794 1527 878 1586 trabe
896 1530 1097 1602 inrequietum

46 1620 179 1693 relatus,
202 1619 352 1676 revinctas
379 1637 456 1693 pone
477 1621 596 1694 tergum
617 1635 736 1690 manue,
763 1616 916 1694 alligatoS,
943 1620 1097 1690 tamquam

84 1710 165 1768 esset
191 1725 251 1783 qua
277 1707 462 1784 fugeremus,
490 1704 601 1782 pedes?
647 1706 727 1764 solae
754 1709 786 1763 in
814 1724 929 1764 carcere
958 1705 1096 1763 tenebrae

83 1795 241 1856 iuvabant.
277 1813 366 1871 saepe
389 1796 425 1855 de
448 1795 570 1853 auribus
589 1798 711 1871 questus
733 1813 800 1853 sum
818 1813 894 1870 quae
917 1813 1022 1853 sonum
1044 1794 1096 1852 fla·

85 1886 234 1964 gallorum
261 1886 462 1962 gemitumque
490 1903 643 1943 caesorum
665 1885 801 1958 quamvis
824 1885 949 1960 impexis
972 1883 1097 1942 obrutae

84 1975 179 2034 comis
202 1973 382 2049 acciperent,
405 1974 479 2032 dura
501 1977 597 2032 metus
621 1974 668 2032 sui
691 1973 833 2048 exempla.
879 1976 1019 2032 miserum
1041 1992 1097 2047 me,

47 2063 138 2139 sefili,
161 2082 267 2138 nempe
289 2062 392 2122 morbo
414 2062 528 2138 peristi.
573 2081 712 2139 compare
733 2065 844 2121 terram
867 2063 951 2137 mari,
977 2064 1097 2122 domum

83 2152 167 2227 nari,
183 2151 327 2210 lectulum
345 2152 464 2228 carceri,
482 2152 652 2210 libertatem
670 2152 815 2225 servituti,
834 2152 1011 2211 desiderium
1030 2170 1097 2210 ocu-

84 2242 186 2301 lorum
212 2241 306 2299 totius
329 2242 459 2317 corporis
483 2241 597 2300 damno.
645 2259 703 2315 quo
726 2260 779 2299 nos
806 2241 923 2319 longius
947 2242 1029 2300 ducit
1051 2260 1097 2300 ca·

83 2329 270 2389 lumitatium
291 2333 461 2389 nostramm
483 2331 592 2389 misera
615 2328 786 2388 contentio?
823 2331 901 2389 caeci
923 2332 1015 2388 etiem
1036 2330 1098 2387 liti·

85 2438 158 2498 gare
180 2422 314 2494 possunt,
337 2420 449 2493 captivi
471 2437 525 2477 nec
547 2420 656 2477 vivere.

47 2528 73 2571 ιι
152 2507 265 2566 Verum
286 2509 360 2565 haec
383 2506 500 2566 etiamsi
521 2509 553 2565 in
573 2526 667 2581 aequo
689 2510 879 2584 ponerentur,
902 2508 1030 2565 multum
1052 2509 1097 2563 te·
1112 2508 1150 2562 le

159 2730 381 2785 1sed:etSeb.
438 2730 565 2799 3grevis
585 2742 612 2783 s:
632 2728 744 2799 gravim
763 2751 786 2781 ω
840 2729 1005 2797 thyrsutos
1028 2738 1049 2780 V

86 2801 192 2857 mtium
208 2810 237 2855 Β
307 2800 463 2870 tgemitus
485 2811 507 2853 V
574 2802 724 2855 candere:
744 2800 788 2854 vel
807 2801 904 2854 audire
923 2809 964 2866 Β,
983 2817 1051 2855 corr
1066 2821 1098 2853 m

87 2870 195 2927 anihil
213 2871 269 2925 nisi
287 2874 455 2940 tempestate
474 2881 526 2924 BV
611 2871 798 2926 tconfitebor
821 2882 874 2937 Vco
957 2871 1057 2925 seniles
1081 2880 1102 2923 V

88 2949 121 2999 1³
140 2944 229 3014 digna
248 2964 266 2996 α
342 2944 440 2997 udum:
460 2943 567 2997 nudum
589 2951 627 2996 Vs
707 2951 856 2997 carceres
931 2943 1098 2996 inundatam

87 3024 154 3080 fler
228 3019 262 3068 14
281 3014 391 3069 sentina
408 3014 521 3068 vincula
543 3024 571 3068 V.
592 3014 665 3067 senti
683 3013 812 3067 navicula
830 3023 869 3082 Β,
893 3015 1003 3068 sentina
1020 3014 1098 3067 navi-

87 3086 181 3141 culam
200 3094 266 3150 Meo*
325 3086 524 3157 irrequietum:
547 3088 636 3140 -etum
654 3102 688 3140 ee
705 3091 858 3139 correctura
877 3094 908 3138 M
973 3091 1006 3139 1⁶
1024 3101 1098 3154 pone

86 3159 198 3228 tergum
212 3159 362 3213 Parisinus
376 3162 460 3212 1618:
476 3159 563 3225 ponet
581 3173 647 3225 ergo
661 3165 699 3222 Β,
718 3172 790 3224 pene
808 3159 888 3226 tergo
901 3166 931 3224 V3
949 3159 1014 3225 post
1032 3173 1097 3226 ergo

87 3238 130 3296 Β·
153 3230 219 3298 post
235 3231 347 3299 tergum
364 3241 442 3296 msc3
467 3245 540 3297 pone
557 3230 639 3297 terga
656 3227 734 3282 Dese.
752 3231 873 3296 pw71sq
965 3234 997 3282 16
1021 3230 1098 3281 tene—

85 3300 155 3354 brac
174 3316 225 3355 cm
239 3310 261 3353 V
337 3306 370 3353 17
389 3299 527 3354 iubebant
549 3309 570 3352 V
638 3314 710 3366 quae
729 3315 778 3352 om.
798 3308 850 3351 BV
922 3299 1045 3363 solumc

88 3377 122 3426 18
141 3371 287 3440 implestis
300 3381 339 3440 Β,
358 3371 488 3441 implexis
507 3379 558 3423 Mc
575 3369 650 3440 (vel
642 3370 761 3438 impexis
779 3372 837 3440 m),
852 3370 1021 3440 impexits‚
1040 3386 1098 3423 am-

85 3443 213 3513 plexisV
271 3443 400 3498 obrutae
419 3443 541 3496 ·'rutae
529 3459 561 3496 m
578 3458 633 3496 ras.
648 3449 690 3508 Βς
712 3440 800 3511 obrup
801 3444 878 3495 taes
932 3447 964 3495 21
984 3456 1054 3496 nave
1072 3451 1100 3503 Β

86 3513 336 3593 22ιι1ιιιι1ιι1ιιιιι
359 3522 427 3567 Vno·
513 3518 546 3566 23
566 3512 654 3566 caeci:
675 3513 749 3565 certe
767 3522 795 3565 P
880 3512 988 3581 litigari
1011 3521 1031 3564 V

86 3591 122 3640 26
142 3582 280 3639 etiamsi
271 3598 302 3634 ιιι
321 3596 423 3649 aequo:
441 3583 528 3637 etiam
547 3583 607 3637 sine
625 3599 680 3651 quo
704 3593 725 3636 V
791 3586 941 3653 poneretur
958 3592 1010 3635 BV
1115 3596 1168 3723 1
