2430 3952
140 214 205 279 278
527 214 726 270 01>11POT10
745 214 771 269 11

139 403 207 442 rum
230 384 378 443 custodire
400 385 588 460 probitatem.
625 385 736 444 nullius
759 403 891 460 unquam
913 403 967 461 per
989 385 1070 444 banc
1093 403 1158 444 ma·

138 472 273 532 tn'mouii
296 474 419 532 turbata
437 472 593 533 concordia
611 475 664 532 est.
700 492 786 532 nemo
805 474 926 548 questus
945 475 991 534 est
1012 492 1070 550 pro
1094 473 1158 533 filio

139 564 232 637 pater.
283 580 369 622 nemo
402 563 560 622 exhaustas
592 563 750 622 facultates
783 563 815 620 in
846 560 1035 622 avidissimos
1073 564 1158 622 sinus

139 651 340 725 paenitentias
372 651 473 710 dolore
505 650 633 710 deflevit.
679 652 806 725 temptet
832 651 904 710 licet
932 651 1157 730 ingratissimus

138 740 253 800 iuvenis
276 741 422 798 invidiam
444 741 569 799 miserae
591 740 688 799 facere
712 739 820 816 prioris
843 740 990 814 adfectus,
1017 759 1081 800 non
1102 759 1157 816 po·
1183 761 1194 801 ι

137 830 218 887 terat
244 829 358 888 obicere
386 830 534 888 meretrici
561 832 591 888 et
623 829 705 906 quod
736 831 859 903 amarit,
887 831 917 888 et
944 828 1023 905 quod
1053 847 1158 889 amare

138 916 267 976 desierit.
313 937 349 975 ne
382 937 470 993 quern
501 919 596 996 igitur
623 919 777 978 accusator
804 918 860 977 hac
887 919 984 994 prima
1013 918 1158 978 fortimae

138 1025 208 1065 suae
236 1006 458 1082 conploratione
486 1007 628 1082 decipiat,
656 1008 811 1083 tamquam
838 1007 1001 1066 meretricis
1027 1007 1157 1066 caritate

137 1098 329 1171 consumptus
352 1097 405 1170 sit,
432 1097 530 1154 securi
552 1098 645 1155 estote
668 1114 722 1172 pro
744 1096 915 1155 innocentie
937 1097 1053 1168 nostra,
1082 1095 1157 1155 talis

137 1183 258 1258 incidit,
284 1185 355 1244 talis
378 1184 531 1243 adamavit
557 1205 611 1244 nec
638 1184 743 1242 babuit
768 1184 848 1260 quod
874 1183 1010 1260 perderet
1032 1187 1066 1243 in
1089 1186 1194 1245 tamn

136 1273 284 1332 inmodico
313 1273 417 1332 ardore
444 1274 503 1334 nisi
529 1276 667 1332 mentem.
712 1274 830 1333 vidistis
856 1275 935 1332 enim
962 1275 1158 1333 notissimum

136 1363 203 1421 tota
224 1361 347 1422 civitate
370 1362 518 1423 miserum.
565 1382 631 1422 cum
654 1363 793 1438 lupanari
815 1362 952 1421 noctibus
975 1361 1081 1422 diebus
1105 1362 1157 1422 de-

137 1452 268 1510 serviens
291 1454 334 1526 et,
358 1453 494 1526 quamvis
516 1451 793 1530 indulgentissimae
815 1452 933 1526 puellae
958 1451 1157 1526 simplicitate

136 1541 294 1615 frueretur,
312 1540 399 1600 modo
413 1543 515 1599 tamen
528 1540 695 1600 maledictis
712 1540 936 1617 opprobriisque
950 1539 1044 1618 vulgi,
1064 1541 1156 1601 modo

137 1629 239 1688 crebra
257 1630 397 1688 rivalium
416 1630 604 1689 contentione
622 1630 758 1705 pulsatus
778 1628 859 1706 abigi
881 1631 982 1688 tamen
1001 1632 1193 1704 conpesci-1⁵

136 1737 193 1793 que
221 1738 281 1777 non
307 1720 420 1795 posset,
447 1721 543 1778 movit
569 1719 759 1779 mitissimam
785 1718 917 1795 puellam
946 1718 994 1776 hic
1021 1718 1156 1778 infelicis

137 1807 278 1867 adfectus.
324 1808 474 1867 laboranti
500 1810 596 1882 primo
620 1808 667 1865 sui
689 1807 785 1866 voluit
807 1806 950 1866 facultate
973 1824 1157 1883 succurrere,

136 1896 187 1956 scd
206 1897 347 1972 quicquid
365 1896 538 1971 indulserat,
561 1895 683 1955 fovebat
701 1896 844 1968 ardorem,
869 1915 1003 1972 quaeque
1023 1897 1057 1954 in
1075 1897 1157 1956 banc

136 1986 314 2060 patientiam
336 2003 430 2061 prona
452 1986 605 2059 persuasio
629 1988 686 2058 est,
710 1985 780 2060 qnia
803 1984 880 2043 nihil
902 1984 1069 2060 praestanti
1093 2005 1157 2046 me·

100 2072 119 2126 3
137 2076 229 2131 retrix
251 2077 315 2131 tam
338 2093 426 2149 saepe
444 2076 638 2152 contingeret,
658 2076 773 2132 amator
791 2073 849 2132 sibi
867 2073 1032 2134 videbatur.
1071 2077 1157 2150 post-
1171 2095 1196 2134 ao

137 2182 227 2237 qnam
249 2162 326 2221 nihil
344 2163 504 2237 miseratio,
527 2164 603 2222 nihil
625 2161 799 2239 proficiebat
820 2163 999 2235 humanitas,
1022 2164 1158 2239 tempta-

136 2253 182 2310 vit
200 2252 361 2327 asperitate
380 2251 533 2310 discutere.
570 2252 715 2328 poposcit,
739 2252 872 2312 exclusit.
909 2270 969 2309 non
992 2250 1158 2312 defuerunt

135 2342 243 2400 misero
271 2359 384 2416 preces,
417 2340 552 2400 adhibita
579 2344 649 2400 suut
676 2360 710 2400 ex
738 2340 803 2415 ipsa
833 2339 949 2399 iuvenis
977 2339 1158 2401 condicione

136 2430 268 2489 consilia.
314 2430 366 2489 sed
388 2431 446 2488 ista
470 2431 619 2504 vincebat,
648 2433 679 2488 et
701 2431 778 2488 vires
802 2430 911 2488 amoris
937 2428 1159 2505 impedimenta

135 2519 312 2596 perdebant,
340 2519 432 2579 donec
458 2520 658 2597 intellegeret,
685 2518 836 2577 hominem
859 2519 912 2594 qui
937 2517 1082 2593 explicari
1105 2538 1157 2577 ra·
1172 2540 1197 2579 ss

134 2610 216 2667 tione
244 2627 304 2666 non
326 2610 459 2684 poterat,
486 2610 661 2668 necessitate
684 2606 869 2666 servandum.
915 2609 1003 2682 puto,
1028 2607 1158 2682 iudices,

19 2702 24 2719 ²
135 2698 247 2756 frustra
278 2698 356 2755 male
389 2697 473 2756 audit
508 2697 657 2756 inmodico
694 2715 808 2772 pauper
844 2695 956 2755 ardore.
1010 2698 1158 2756 meretrix

309 2923 351 2987 ta

209 2973 352 3042 iprobste
371 2982 398 3025 Β
468 2954 523 3026 nte
542 2980 570 3024 Β
653 2976 781 3026 3ncmo:
802 2987 837 3024 no
857 2973 915 3040 (n
903 2989 935 3025 aa
948 2988 1003 3026 ras.
1019 2988 1053 3026 esc
1072 2975 1112 3043 m)
1127 2983 1160 3028 Β

136 3096 279 3150 ainvidia
297 3106 348 3150 BV
362 3100 401 3168 (m
419 3097 517 3151 odae
499 3099 527 3166 ι)
581 3095 686 3149 feceret
674 3097 733 3148 tu
784 3059 848 3164 pner
861 3104 889 3148 Β
944 3097 1113 3151 'lacusator
1127 3107 1159 3152 Β

137 3203 263 3256 9securi
282 3220 332 3258 cm
347 3213 375 3257 Β
453 3202 520 3257 talis
538 3201 640 3256 incidit
657 3218 707 3256 cm
722 3209 757 3266 Β,
779 3217 853 3268 supr
869 3212 886 3253 e
974 3207 1005 3255 11
1025 3186 1156 3260 inmeriti

107 3369 112 3380 Ι
135 3318 189 3361 Β
216 3310 476 3376 nocentissimumc
549 3314 582 3362 14
601 3323 655 3376 que
674 3323 724 3361 om
743 3318 758 3368 β
826 3310 859 3357 15
879 3288 1057 3362 contentiou⁰
1072 3318 1102 3362 Β

82 3422 84 3428 .
135 3379 265 3449 pulsatur
284 3390 315 3434 Β
385 3387 418 3435 16
436 3383 530 3436 movet
548 3388 600 3433 ΒΨ
653 3375 842 3430 imitiseimam
860 3384 888 3428 Β
959 3384 991 3432 17
1010 3378 1155 3447 primos:

136 3451 228 3520 prima
247 3473 269 3503 ω
351 3458 384 3507 18
404 3453 485 3506 hac
477 3470 535 3520 imp
537 3448 656 3505 atientia
674 3457 710 3510 so
787 3449 819 3497 19
839 3449 1034 3515 perpensuasio
1052 3460 1082 3504 Β

136 3524 478 3592 praestant11,1adote
552 3526 585 3575 23
609 3517 718 3572 adibita
737 3522 765 3566 Β
835 3520 869 3568 24
889 3521 992 3574 amoris
1011 3537 1076 3575 ccc-
1063 3538 1109 3577 -ee
1129 3534 1159 3578 Β

136 3599 170 3648 ab
189 3594 413 3664 intellegerets:
433 3596 495 3648 -ent
514 3615 535 3645 ω
607 3587 751 3642 bominum
769 3592 817 3636 Bo
886 3594 918 3642 26
938 3595 1072 3658 poterant
1090 3604 1120 3648 Β
