2430 3952
128 222 191 286 166
437 219 568 273 GEMINI
586 218 830 274 LANGVIINTES

125 410 201 450 unus
225 409 260 449 cx
283 390 416 468 geminis.
462 389 578 447 felicior
600 389 651 448 ille
675 389 760 448 dolor
783 391 828 448 est
851 390 904 464 qui
929 389 1059 466 transigi
1081 390 1141 448 sal·

125 482 187 538 tem
214 499 281 538 cum
308 479 400 538 oculis
427 480 540 553 potest,
571 482 742 552 renovatur,
774 479 946 537 accenditur
973 479 1003 536 et
1031 479 1064 536 in
1093 479 1142 538 bis

125 568 258 628 vultibus
276 569 363 626 illurn
382 567 491 626 cotidie
511 569 600 642 putat
620 568 718 626 videre
740 569 921 642 pereuntem.
959 567 1011 626 sed
1029 569 1142 643 etipse

126 658 235 736 gaudio
258 657 392 716 redditae
415 658 496 715 vitae
523 657 700 732 laetitiaque
722 675 783 715 non
810 657 922 714 fruitur
943 675 997 714 nec
1025 647 1056 715 se
1079 675 1141 717 cre-

127 749 195 805 dere
212 748 312 822 potest
330 746 455 806 caritate
474 746 643 821 praelatum
662 765 749 820 quern
767 745 898 804 medicus
918 746 1017 822 elegit.
1049 747 1143 806 sentit
1171 765 1183 806 e

125 837 230 896 infelix
253 837 337 895 cuius
360 835 498 894 orbitatis
524 835 628 894 unicus
651 836 703 909 sit,
732 835 838 909 quibus
861 835 993 894 lacrimis
1020 835 1143 909 perfun-

126 926 236 984 dantur
263 926 376 998 0scula‚
405 943 496 998 quam
522 924 639 1001 magnis
666 923 881 999 profundisque
909 924 1044 998 suspiriis
1072 943 1142 982 con-

127 1016 278 1074 cutiantur
301 1015 462 1088 amplexus.
508 1014 618 1071 misera
640 1013 817 1072 verecundia
841 1013 979 1072 sanitatis
1003 1014 1142 1090 ingratae

125 1104 256 1179 pretium
278 1102 335 1162 sibi
358 1102 477 1160 videtur
499 1101 601 1160 fratris
625 1103 722 1161 occisi.

193 1189 384 1249 Convertitur
405 1192 462 1249 hoc
484 1191 564 1264 loco,
586 1192 712 1264 iudices,
740 1191 848 1249 mulier
869 1189 975 1248 infelix
1002 1192 1033 1248 et
1055 1191 1141 1249 velut
1156 1212 1183 1252 ro

127 1281 165 1340 ad
196 1280 347 1355 quandam
379 1280 580 1355 praesentiam
611 1281 714 1339 amissi
744 1281 874 1353 iuvenis,
903 1273 999 1353 5sive',
1030 1280 1141 1353 inquit,

36 1438 39 1443 ¹
127 1364 432 1429 ε11111111111111111111
448 1370 553 1428 mortis
573 1370 729 1445 explicitus
748 1370 780 1426 in
795 1369 896 1443 aliquo
911 1368 987 1428 sedis
1002 1370 1141 1427 aeternae

125 1459 238 1535 pudore
256 1460 424 1534 requiescis,
447 1460 509 1518 sive
528 1459 662 1517 exclusus
681 1477 716 1517 ac
735 1477 828 1535 vagus
852 1460 882 1516 et
901 1459 981 1515 inter
1003 1457 1141 1517 fabulosa

124 1549 271 1624 supplicia
293 1548 468 1607 metuendus
492 1547 588 1606 adbuc
614 1548 797 1606 laceratione
820 1567 873 1622 per
896 1547 1048 1622 stupentes
1070 1547 1141 1605 hor·

124 1639 281 1712 rentesque
303 1657 405 1696 manes
429 1637 534 1695 umbra
556 1637 710 1710 discurris,
735 1636 805 1694 audi
827 1637 1011 1695 miserrimae
1034 1637 1141 1695 matris
1157 1655 1182 1696 1⁶

124 1728 344 1802 iniquissimam
367 1727 629 1802 conplorationem.
675 1745 735 1784 non
759 1725 879 1799 quidem
901 1725 988 1783 licuit
1010 1725 1087 1782 mihi
1108 1726 1142 1782 in

124 1816 201 1874 illud
224 1809 439 1894 [conditorum]
469 1814 638 1873 cubiculum
663 1817 735 1873 tuae
761 1815 866 1874 mortis
894 1815 1064 1888 inrumpere
1087 1832 1142 1872 uec

126 1924 216 1980 supra
239 1906 392 1963 carissima
418 1904 552 1962 membra
577 1905 746 1978 prostratae
773 1905 846 1962 mets
870 1903 995 1961 vulnera
1017 1904 1070 1961 tua
1097 1904 1142 1961 te·

50 1980 58 1996 “
126 2012 194 2071 gere
222 1993 390 2052 visceribus.
437 1993 517 2068 quod
544 1993 641 2051 solum
667 1995 769 2051 tamen
795 1993 895 2067 potui,
925 2010 1031 2067 corpus
1060 1991 1141 2066 quod

125 2082 264 2156 medicus,
288 2082 368 2157 quod
385 2083 549 2157 reliquerat
570 2083 665 2157 pater,
687 2083 743 2140 hoc
762 2083 829 2140 sinu
847 2082 957 2140 misera
977 2081 1086 2158 collegi
1104 2099 1140 2139 ac
1155 2101 1182 2141 ao

125 2189 253 2229 vacuum
280 2173 382 2246 pectus
410 2171 529 2247 frigidis
557 2170 738 2245 abiectisque
766 2170 928 2229 visceribus
955 2188 1057 2228 rursus
1084 2170 1141 2227 im·

125 2261 219 2336 plevi,
252 2278 369 2335 sparsos
401 2261 483 2319 artus
514 2259 697 2335 amplexibus
725 2261 822 2333 iunxi,
854 2258 987 2317 membra
1019 2258 1142 2318 diducta

126 2351 269 2424 conposui
296 2351 326 2406 et
352 2348 389 2406 de
416 2350 498 2408 tristi
525 2348 711 2424 terribilique
738 2349 815 2406 facio
842 2348 964 2406 tandem
987 2349 1070 2425 aegri
1093 2367 1140 2407 ca-

126 2438 217 2497 daver
243 2438 364 2501 imitata
392 2457 465 2497 sum.
511 2437 567 2496 hoc
594 2439 639 2496 est
666 2439 767 2495 tamen
795 2437 875 2512 quod
902 2437 937 2495 de
967 2438 1141 2502 tristissima

126 2528 255 2587 orbitate
277 2529 435 2603 praecipue
458 2528 535 2584 ferre
557 2545 618 2584 non
640 2545 773 2602 possum:
800 2529 923 2602 propter
948 2526 1073 2585 fratrem
1096 2528 1140 2585 vi·
1156 2546 1182 2587 rr

126 2617 203 2677 deris
227 2619 352 2691 occisus,
382 2635 436 2675 nec
457 2619 560 2674 tamen
582 2635 724 2691 umquam
747 2618 882 2675 constare
909 2616 1022 2691 poterit
1045 2635 1084 2674 an
1106 2617 1141 2674 tu

126 2708 277 2766 sanaveris
300 2707 432 2764 fratrem.

200 2876 413 2946 ltranrigigss
456 2874 596 2929 3cotidie
610 2891 660 2928 om.
675 2883 697 2925 V
742 2873 892 2927 4fruitur:
909 2874 988 2928 -ruit
1003 2876 1035 2927 r'rr
1048 2882 1143 2928 roan

128 2953 142 3000 7
163 2946 315 3015 superiruis
335 2956 362 2998 Ρ
424 2953 455 2999 11
476 2946 635 2999 admissis
695 2952 728 2999 12
748 2944 896 3013 explicitus
915 2962 949 2998 11
966 2946 1042 2998 -atus
1060 2954 1089 2998 Β

127 3021 241 3072 aeterno
256 3027 283 3070 Β
337 3023 369 3071 15
388 3033 484 3071 manes
504 3017 555 3070 sub
573 3017 673 3070 umbra
686 3026 715 3070 Β
769 3022 801 3070 16
821 3016 1106 3085 decomplorationem
1120 3028 1144 3069 J

128 3095 160 3142 17
181 3089 367 3143 conditorium
386 3090 470 3143 deleto
489 3087 648 3142 cubiculum
668 3087 726 3143 Scb.
790 3092 823 3141 18
842 3089 1141 3156 prostratae-mem-

126 3161 178 3214 bra
197 3162 271 3214 licea
285 3166 317 3212 22
337 3169 424 3214 1117
492 3165 524 3213 21
546 3159 720 3228 adiectisque
738 3168 792 3226 Ββ;
812 3158 986 3227 adiectisque
1004 3176 1037 3212 ec
1056 3159 1105 3212 ab·
1120 3171 1144 3212 J

128 3237 161 3286 23
181 3233 289 3284 tantem
306 3240 334 3284 Β
404 3231 589 3284 1411111111
607 3240 635 3284 Β
704 3229 829 3283 triseima
848 3239 876 3283 Β

198 3303 235 3356 M.
244 3302 340 3355 FABII
350 3301 599 3366 QVINTILLIANI
609 3301 739 3356 GEMINI
748 3300 965 3355 LANCENTES
975 3300 1140 3355 EXPLICIT

126 3373 260 3428 INCIPIT
280 3372 490 3427 GLADIATOR
508 3382 536 3426 Β
601 3373 638 3426 Μ.
653 3372 737 3425 FABI
756 3371 989 3436 QVINTILIANI.
1010 3371 1141 3426 GEMINI

127 3461 366 3516 LANGVENTEI
385 3449 521 3515 EXPLIC.
542 3464 713 3532 (1111111111)
732 3450 830 3515 ΙΝΟΙΡ
848 3459 1058 3515 CLADIATOR
1080 3463 1141 3526 (mi-

127 3535 184 3599 nio)
202 3544 224 3586 v
291 3534 382 3588 eadem
402 3542 434 3586 Μ
448 3534 495 3588 sed
514 3534 599 3588 micio
614 3536 711 3603 pinxit
728 3532 860 3587 INCIPIT
879 3531 1142 3587 ARCVMENTVM
