2430 3952
150 201 217 266 430
463 198 655 256 ExcaaPTA
673 203 852 257 PARISINA.

149 373 226 429 tium
249 370 377 431 damnes.
422 371 500 446 quod
517 391 578 431 non
597 372 684 431 debet
707 374 843 448 indicari,
865 392 925 433 non
944 373 1033 432 debet
1056 377 1176 450 quaeri.

150 459 222 535 quid
255 459 352 520 dixit?
400 462 433 519 P.
460 459 555 537 quid?
605 463 631 520 si
663 463 747 521 nefas
778 463 936 521 infandum
966 463 1177 538 deprehendi?

149 551 193 607 M.
209 550 235 608 si
254 549 298 608 ita
316 553 402 623 esset,
419 568 480 608 non
498 569 575 610 esses
594 569 654 609 una
673 555 768 611 morte
787 555 952 611 contentus.
990 552 1176 612 modestiam

148 639 249 697 mariti
281 641 395 714 pariter
423 641 453 698 et
481 640 576 715 patris
605 643 739 715 aooipite.
782 641 817 700 de
844 641 968 699 muliere
1000 659 1080 716 quae
1105 661 1175 702 oon·

148 729 228 786 vinei
246 746 306 787 non
324 729 432 804 potest,
451 728 562 787 suffieit
575 729 642 804 sibi,
660 734 695 788 ut
713 731 826 788 incesta
840 730 985 789 credatur.
1024 730 1080 790 sed
1100 732 1200 808 quide

148 816 223 874 dixit
236 815 338 876 filius?
369 818 402 875 P.
417 817 468 876 ille
483 820 560 878 mori
576 819 679 892 voluit,
692 823 727 877 ut
740 823 860 878 taceret.
898 838 953 897 ego
969 839 1031 878 non
1046 826 1175 880 coactns

147 906 260 980 loquar.
298 907 375 965 nihil
389 909 463 984 agis,
480 908 595 966 mulier.
633 907 816 985 interrogare
831 928 879 967 me
897 908 979 967 dueis
998 908 1080 985 ideo,
1100 912 1175 986 quia

148 994 203 1054 sois
226 1014 274 1053 me
297 995 397 1054 omnia
420 998 486 1071 pati
503 997 593 1054 malle
617 1016 707 1072 quam
726 998 817 1072 loqui.
860 997 971 1057 adeone
989 1016 1102 1073 parum
1128 1006 1174 1058 est

147 1083 226 1160 quod
255 1084 351 1144 filium
380 1083 495 1145 oooidi?
535 1090 570 1144 ut
598 1086 647 1144 vel
677 1087 719 1144 sio
748 1090 877 1162 taceam,
906 1086 981 1147 libet
1010 1088 1089 1146 mihi
1112 1091 1174 1166 ipsi

146 1176 229 1231 mori.
271 1175 316 1232 M.
336 1175 367 1232 in
395 1193 492 1232 meam
521 1178 602 1234 taces
631 1176 796 1234 infamiam.
838 1177 972 1234 Pitane
1003 1197 1087 1236 nune
1109 1179 1172 1253 pri·
1186 1199 1208 1239 10

146 1283 228 1320 mum
255 1263 373 1323 laboras
402 1266 511 1323 misera
541 1264 576 1322 de
606 1263 709 1323 fama?
756 1266 801 1323 vis
833 1266 955 1324 tandem
987 1267 1065 1324 seire
1098 1269 1173 1342 quid

146 1351 275 1410 dixerit?
315 1353 404 1427 dixit,
434 1356 550 1412 utnon
573 1371 743 1429 quaererem
770 1353 860 1429 dixit,
883 1358 917 1413 ut
939 1357 1080 1414 tacerem.
1126 1358 1171 1415 M.

145 1441 274 1500 minime.
321 1442 372 1501 sed
400 1442 472 1517 quid
498 1461 567 1502 vere
596 1441 692 1501 dixit?
732 1444 765 1500 P.
785 1445 809 1501 si
833 1446 919 1519 potes
947 1444 1036 1517 seire,
1059 1446 1172 1505 mulier

146 1549 184 1587 an
206 1532 343 1605 mentiar,
367 1534 423 1590 sois
448 1531 520 1607 quid
543 1530 658 1591 dixerit.
700 1550 821 1608 possum
843 1532 963 1611 fingere,
986 1552 1049 1591 non
1073 1539 1170 1610 potes,

145 1620 170 1678 si
197 1621 305 1697 neseis,
335 1621 556 1697 reprehendere.
603 1622 662 1696 vis,
693 1621 789 1679 dicam
820 1622 892 1697 quid
925 1620 1020 1679 dixit?
1066 1627 1170 1685 omnia
1182 1644 1203 1684 11

145 1709 227 1767 dixit.
268 1710 337 1786 plus
357 1729 447 1785 quam
464 1710 688 1787 interrogarem,
711 1710 794 1768 dixit.
836 1713 916 1786 patri
936 1711 1107 1788 maledixit,
1127 1715 1169 1772 nil

143 1799 216 1856 bene
239 1801 338 1857 matm'.
380 1801 425 1858 vis
445 1800 519 1858 seire
543 1799 616 1874 quid
634 1797 732 1858 dixit?
772 1801 834 1859 noli
857 1800 905 1858 hio
926 1818 1071 1874 quaerere
1096 1803 1171 1877 quid

144 1887 227 1944 dixit.
269 1905 373 1946 eamus
395 1888 432 1946 ad
456 1888 531 1946 illud
554 1892 714 1963 secretum,
742 1906 843 1948 eamus
867 1890 904 1948 ad
927 1890 1094 1949 tumulum:
1127 1892 1170 1951 ibi

144 1993 261 2050 quaere,
283 1975 327 2034 ibi
346 1981 399 2035 aut
416 1979 530 2053 pariter
547 1977 711 2036 tacebimus
731 1981 784 2036 aut
801 1979 930 2037 invioem
948 1978 1168 2039 confitebimur.

143 2083 264 2139 possum
293 2067 355 2124 iam
385 2067 468 2123 mori.
519 2067 595 2124 illud
624 2071 724 2124 tamen
755 2086 924 2142 supremum
957 2085 975 2124 a
1004 2071 1036 2125 te
1067 2088 1203 2145 poscam

143 2154 259 2226 civitas,
283 2173 300 2211 a
323 2157 353 2211 te
372 2155 508 2229 imploro,
531 2174 613 2228 uxor,
636 2175 672 2213 ue
696 2160 729 2214 tu
749 2157 877 2232 amplius
900 2157 1045 2215 infamem
1069 2177 1169 2234 voees,

144 2259 217 2299 neve
240 2245 274 2299 tu
293 2243 421 2317 amplius
442 2243 514 2318 quid
532 2243 649 2318 dixerit,
674 2264 806 2320 quaeras.
848 2247 893 2303 M.
914 2248 944 2303 et
962 2264 1017 2323 ego
1043 2248 1168 2322 quidem

143 2350 202 2388 non
225 2331 322 2391 minus
345 2331 421 2390 mori
440 2335 470 2391 et
492 2351 613 2408 possum
632 2337 662 2392 et
685 2335 784 2393 debeo.
831 2335 881 2393 sed
904 2335 987 2410 prius
1010 2356 1060 2394 me
1085 2338 1168 2412 apud

142 2439 206 2494 vos,
236 2420 269 2478 P.
291 2419 330 2495 0,
355 2422 433 2496 quod
464 2426 564 2480 tamen
596 2422 733 2498 vixerim,
765 2442 879 2482 exouso.
921 2442 973 2483 rea
1001 2443 1082 2500 sum,
1116 2426 1168 2485 sed

142 2511 242 2583 aliter,
270 2511 341 2586 quia
364 2512 510 2586 supremis
534 2513 596 2570 eius
620 2531 679 2570 non
703 2513 776 2570 affui
799 2533 886 2588 quem
908 2517 1030 2571 tantum
1055 2519 1201 2575 amaria

141 2599 240 2658 vivere
264 2600 384 2675 quidem
414 2619 448 2659 eo
474 2601 620 2660 moriente
649 2619 709 2658 nou
739 2601 841 2676 debui,
870 2603 921 2660 sed
950 2604 1030 2661 mori
1053 2608 1167 2664 marito

139 2689 257 2747 tacente
276 2709 335 2748 nou
354 2691 447 2764 potui.
484 2690 592 2763 videte,
610 2690 642 2747 P.
659 2689 700 2764 O,
719 2692 850 2748 omnium
867 2695 996 2749 matrum
1015 2691 1166 2774 mise<r>

140 2773 301 2855 ri<m>amz
320 2797 374 2837 neo
392 2781 630 2837 taciturnitatem
648 2781 710 2837 eius
729 2780 805 2839 ferre
823 2799 943 2855 possum
962 2799 1016 2839 neo
1036 2782 1166 2859 efficere,

141 2870 174 2923 ut
197 2868 347 2941 loquatur.
389 2888 436 2926 me
465 2888 535 2927 vero
564 2870 589 2926 si
618 2869 684 2943 quis
711 2871 891 2947 interrogat,
919 2887 1021 2928 omnes
1050 2878 1165 2934 matres

140 2954 248 3014 liberos
272 2974 340 3016 suos
363 2959 508 3032 tanquam
532 2957 745 3016 adamaverint.
788 2962 891 3016 amant
909 2960 1071 3034 exsultare,
1097 2981 1199 3022 eumse

140 3046 283 3119 venerint,
307 3048 464 3121 suspirare,
479 3065 552 3117 ,eum
570 3048 751 3106 recesserint.
798 3067 960 3123 numquam
979 3069 1029 3108 me
1048 3050 1088 3108 ab
1109 3053 1166 3112 hac

157 3323 161 3338 i
212 3303 348 3362 71111111
367 3315 448 3357 ΙΝ
501 3304 636 3359 81111011
655 3316 683 3360 11
766 3307 861 3375 9ipse
880 3316 930 3359 ω’
1011 3315 1046 3362 13
1067 3315 1165 3380 potest

143 3383 188 3426 VB
224 3384 244 3391 ”
273 3381 306 3428 14
324 3376 566 3445 possum—dixit
585 3378 600 3430 1.
617 3382 762 3431 15011111
853 3384 885 3431 15
906 3378 974 3446 quid
995 3379 1083 3436 dixit:
1104 3400 1166 3440 rem

139 3454 166 3498 a
240 3446 387 3501 11111111
462 3453 494 3501 18
514 3447 642 3502 illumrr
716 3449 920 3503 1910101111
994 3456 1164 3512 ‘ittunenz

137 3516 248 3570 tamdiu
263 3519 318 3571 Ba.
388 3523 421 3570 29
440 3518 596 3588 interroget
614 3529 659 3572 VB
726 3525 759 3572 31
779 3522 940 3574 convenerit
957 3530 1004 3574 VB
1070 3529 1167 3607 supi.

138 3603 200 3642 0111
219 3598 260 3655 113
280 3588 423 3657 suspicare
446 3599 491 3642 VB
559 3592 707 3644 reoeseerit
730 3601 774 3644 VB
1141 3628 1144 3633 -
