2430 3952
389 175 623 231 DEOLAMATIO
642 177 680 231 VI
696 183 807 231 12—14.
1041 178 1104 242 123

87 347 239 426 rationem
265 345 465 421 necessitatis,
494 347 614 405 etcum
637 347 728 404 semel
750 347 925 421 apparuerit
946 350 1048 424 patere
1071 348 1104 405 in

90 434 236 495 eiusmodi
264 435 360 492 causis
388 434 601 509 defensionem,
633 437 737 510 potero
769 436 857 510 plane
889 454 952 495 esse
984 454 1104 495 securus

89 543 145 584 nec
167 523 294 598 timebo,
316 543 353 581 ne
376 523 471 582 teneri
493 524 632 582 videatur
653 523 733 582 filius
755 543 852 599 meus,
875 525 901 583 si
923 543 984 583 non
1005 527 1106 600 potuit

91 612 230 674 omnibus
249 631 426 687 succurrere,
449 612 520 670 dum
537 613 570 670 in
587 611 654 687 ipsa
672 613 737 691 lege
756 615 917 688 occupatus
936 615 989 672 est.
1019 617 1105 689 pater

59 702 245 780 colligatus,
267 703 373 760 mater,
386 719 472 761 caeca
495 703 549 776 est,
572 720 649 760 unus
672 703 791 777 utrique
814 702 906 777 filius,
929 722 1038 780 magna
1060 703 1104 761 lo-

90 810 194 852 corum
221 789 377 865 distantia,
404 790 495 849 habet
517 791 564 849 lex
590 791 624 848 in
646 790 743 850 medio
768 791 939 850 debitorem.
986 792 1042 850 duc
1066 791 1104 849 ed

89 882 194 940 uh‘um
217 880 322 953 mavis,
345 879 383 937 ad
401 881 560 953 utrumque
583 897 643 938 non
665 881 760 955 potes,
782 881 841 940 nisi
863 879 940 939 hanc
958 880 1104 940 condicio-

89 987 160 1028 nem
186 967 294 1027 misero
321 969 505 1043 inponimus,
537 970 572 1026 ut
599 968 743 1044 quicquid
768 969 885 1043 fecerit,
915 968 1103 1044 proiciendus

91 1057 140 1117 sit.
176 1057 203 1117 si
222 1057 334 1131 exierit,
352 1060 449 1115 mater
467 1057 586 1132 sepeliri
604 1056 732 1116 vetabit:
756 1059 782 1117 si
801 1059 986 1133 remanserit,
1009 1061 1103 1132 pater.

47 1165 151 1208 ronon
178 1145 283 1205 dubito
310 1146 373 1205 fore
401 1146 537 1221 dubium,
561 1147 634 1221 quin
656 1148 703 1205 ius
730 1148 763 1204 in
785 1146 841 1206 hac
867 1147 932 1226 lege
960 1147 1052 1206 fuerit
1074 1149 1105 1205 et

90 1235 179 1310 mihi,
206 1235 264 1293 nisi
287 1235 377 1309 forte,
405 1237 440 1293 ut
466 1237 567 1295 omnia
594 1236 696 1310 inique
723 1235 892 1312 iniusteque
920 1236 1104 1311 conquiritis,

89 1324 140 1383 hic
172 1343 289 1400 quoque
322 1325 409 1382 unius
441 1325 594 1383 occasione
626 1324 709 1382 verbi
740 1324 823 1383 aliud
855 1327 969 1400 putatis
1001 1327 1105 1384 iuvare

90 1415 242 1489 parenteS,
274 1412 357 1470 aliud
389 1431 448 1471 non
480 1413 621 1472 deserere.
666 1413 698 1471 id
726 1415 783 1488 est,
816 1413 851 1471 de
881 1413 937 1473 hoc
967 1414 1104 1473 dubitare

90 1503 185 1562 vultis
207 1506 306 1560 utrum
330 1501 503 1576 parentibus
526 1501 636 1577 ubique
659 1503 731 1560 ferri
759 1504 896 1577 oporteat
919 1503 1042 1576 auxilia,
1070 1506 1106 1560 ut

48 1614 77 1656 ιι
91 1609 146 1670 ego
171 1591 309 1667 aestimo;
337 1611 375 1649 an
398 1609 468 1650 vero
491 1609 551 1649 non
573 1592 724 1649 mereatur
746 1591 942 1665 adiutorium,
970 1592 1029 1649 nisi
1052 1592 1105 1666 qui

90 1681 246 1757 praesente
272 1679 335 1737 filio
362 1680 452 1739 miser
474 1681 526 1738 est.
572 1698 642 1738 nam
670 1681 696 1739 si
719 1679 851 1738 deserere
873 1681 906 1737 in
932 1681 1104 1739 calamitate

90 1769 136 1828 nil
163 1769 245 1827 aliud
277 1769 417 1844 putamus
449 1786 511 1828 esse
539 1788 629 1843 quam
661 1786 679 1826 a
710 1769 817 1827 misero
850 1769 1013 1843 discedere,
1045 1768 1104 1828 duo

91 1857 181 1918 simul
209 1856 319 1917 scelera
346 1859 555 1933 permittimus.
600 1858 731 1934 primum
756 1856 845 1932 illud,
872 1859 908 1916 ut
935 1859 1026 1917 etiam
1051 1859 1104 1933 qui

92 1946 202 2021 aderit,
229 1948 324 2022 possit
346 1947 457 2022 inpune
484 1947 559 2005 nihil
581 1949 747 2021 praestare,
775 1945 922 2022 siquidem
950 1947 1104 2006 absolutus

48 2058 79 2099 ac
92 2037 138 2096 est
165 2035 222 2095 hac
248 2036 313 2114 lege
337 2037 389 2110 qui
411 2035 571 2094 secundum
597 2037 739 2094 miserum
764 2037 855 2094 stetit.
902 2056 961 2112 quo
985 2036 1105 2112 quidem

91 2125 180 2185 modo
208 2143 268 2183 non
295 2124 444 2184 adiutores
472 2125 653 2184 calamitosis
681 2124 854 2199 parentibus
881 2124 960 2184 filios
990 2126 1104 2200 damus,

91 2213 144 2272 sed
167 2215 396 2289 exspectatores.

158 2301 283 2362 Accedit
304 2302 381 2361 illud
403 2303 452 2360 vel
474 2303 595 2379 gravius
618 2302 706 2377 quod,
730 2320 795 2360 cum
818 2321 920 2360 rerum
942 2305 1102 2363 necessitas
1118 2305 1157 2362 14

91 2391 277 2452 cotidianos
300 2391 429 2464 dividat,
457 2393 482 2450 si
505 2391 652 2466 quaedam
674 2392 795 2450 fortuna
817 2393 956 2466 parentes
978 2410 1032 2452 nos
1056 2393 1104 2450 de-

47 2501 78 2543 as
91 2480 295 2557 prehenderit,
319 2480 457 2556 quamvis
480 2481 586 2558 exiguo
610 2480 723 2539 divisus
746 2481 859 2556 spatio,
883 2481 995 2554 inpune
1019 2501 1106 2556 opem

91 2588 153 2630 non
175 2569 264 2644 feret,
292 2587 351 2627 non
374 2571 537 2643 succurret,
564 2573 599 2628 ut
621 2569 677 2627 hac
700 2570 807 2627 saltem
830 2587 860 2626 se
884 2569 1033 2627 calumnia
1056 2569 1104 2627 de·

90 2657 196 2719 iendat
230 2676 289 2716 non
320 2658 474 2734 reliquisse
507 2653 593 2736 <se>z
626 2652 698 2716 ‘non
729 2656 857 2717 abscessi
894 2676 989 2732 neque
1021 2659 1105 2735 pede,

164 2885 180 2933 3
198 2896 234 2934 ne
252 2890 290 2947 113
314 2896 366 2934 nec
388 2881 488 2950 reliqui
577 2885 593 2933 ὁ
617 2879 751 2950 alligatus
770 2882 813 2935 est
835 2890 889 2944 Vsu
977 2887 991 2934 7
1011 2885 1105 2936 utrum

91 2952 182 3007 mavis
200 2953 237 3005 ad
256 2968 306 3006 om.
322 2961 354 3019 ι’,
373 2951 437 3006 cdd.
456 2953 488 3004 irs
502 2969 587 3022 usurp.
600 2973 622 3013 p
640 2951 687 3007 sed
703 2953 814 3020 scripsit
830 2951 921 3005 maius
975 2954 1070 3022 potest
1087 2964 1109 3007 V

91 3027 109 3077 8
132 3022 326 3094 proiciendum
348 3033 370 3076 V
455 3028 488 3076 10
507 3023 576 3106 quin
594 3022 651 3077 ius:
673 3022 723 3091 qui
740 3023 844 3078 nimius
861 3032 925 3092 BV3
944 3024 1044 3093 quinid
1062 3026 1106 3095 (ex

91 3136 246 3186 wrrectim
258 3129 284 3199 ?)
298 3139 331 3183 (11
383 3136 414 3184 11
435 3112 606 3199 conquiritis
624 3140 653 3197 V3
669 3128 838 3198 conqueritis
854 3144 880 3198 s,
900 3131 1072 3199 conquiratis
1087 3144 1108 3184 o·

93 3206 127 3257 14
144 3201 269 3273 {ubique
288 3203 369 3270 (3-4
385 3202 436 3256 litt.
451 3203 499 3272 cr.)
514 3210 547 3254 Μ
616 3205 648 3255 15
669 3200 797 3254 existimo
816 3213 837 3254 c
907 3208 939 3256 16
958 3205 1105 3272 praesente

91 3289 127 3328 ex
142 3275 291 3343 praeseute
309 3282 336 3325 B
408 3278 440 3327 17
459 3272 532 3326 nihil
550 3281 608 3326 M!
667 3272 773 3326 discere
791 3281 820 3326 B
882 3279 916 3328 18
930 3274 997 3342 quia
1016 3275 1107 3328 deerit

90 3352 144 3397 BV
189 3350 222 3398 21
242 3342 405 3414 parentibus
423 3343 528 3411 ubique
547 3343 632 3397 filios
651 3343 681 3412 (fi
693 3342 728 3396 li·
740 3344 773 3397 irs
785 3346 851 3415 ras.)
866 3354 897 3398 M
944 3350 978 3399 22
997 3348 1106 3414 specta-

90 3416 167 3470 tores
180 3425 235 3480 Vss
286 3420 319 3468 23
339 3415 450 3469 accedit
463 3417 555 3470 Dese:
571 3414 676 3469 accidit
689 3436 721 3482 ας
736 3414 837 3469 dehinc
852 3416 958 3470 accidit
971 3429 1053 3481 erma

91 3486 180 3570 quod:
200 3503 255 3555 quo
278 3496 300 3539 V
349 3486 502 3540 necessitas
521 3503 571 3541 om.
591 3495 612 3538 V
669 3491 702 3539 27
721 3485 868 3555 reliquisse
887 3489 1043 3556 rescripsi:
1062 3503 1104 3541 re-

90 3556 223 3628 hquisset
238 3566 278 3625 ¹¹3
295 3557 399 3626 reliqui
417 3558 466 3612 sed
488 3567 518 3624 νς
536 3556 638 3627 reliqui
657 3566 741 3622 Mero·
809 3558 915 3612 accessi
932 3567 985 3612 BV
