2430 3952
353 185 588 242 DECLAMATIO
607 185 659 240 ΧΠ
674 191 786 241 15-1'1.
923 251 929 259 ,
1009 186 1076 251 233

61 355 204 433 quicquid
227 356 343 416 vicinae
371 356 490 416 civitati
515 357 702 431 praestitisti.
748 374 809 415 non
832 355 897 414 dico
922 356 977 414 illa
1000 375 1076 431 quae

59 442 211 522 poteram,
233 447 308 522 puta
331 445 467 505 caemlus
488 444 585 503 imber
606 447 638 503 in
661 463 752 504 naves
774 445 849 520 ruit,
872 445 975 505 classis
997 447 1076 504 inter

59 535 168 595 fluctus
190 535 279 609 latet,
305 553 359 594 nec
380 533 461 592 inter
483 535 621 593 canentes
644 535 816 594 collisarum
839 552 984 610 aquarum
1007 554 1076 609 spu·

59 642 125 684 mes
148 624 216 683 vela
238 623 431 698 dinoscimus,
459 623 554 701 egerit
576 642 611 681 ex
633 623 726 682 fundo
748 624 876 682 harenas
897 641 993 698 mare,
1020 623 1075 682 rni-

29 714 132 776 scant
157 715 256 790 ignes,
282 713 401 771 intonat
429 713 556 786 caelum,
587 713 685 772 scissis
712 711 886 788 rudentibus
913 714 1075 788 tempestas

61 802 177 877 sibilat,
205 801 332 877 denique
355 801 436 860 sidus
463 800 620 860 hibernum
635 801 793 876 conditur,
820 804 855 860 tu
881 804 982 860 tamen
1010 821 1075 877 per·

61 909 178 951 severa:
201 891 384 950 frumentum
401 890 492 950 vehis.
529 890 606 949 nihil
627 889 734 950 horum
751 909 869 950 necesse
887 893 932 950 est
950 890 1077 950 feliciter

60 981 227 1058 naviganti,
250 980 368 1038 festina.
406 998 551 1054 quererer,
575 980 601 1038 si
622 999 713 1040 naves
732 983 898 1038 commeatu
918 979 1075 1038 tardasses.

61 1069 134 1127 dnm
147 1070 316 1129 velocitatis
334 1070 412 1128 ratio
431 1069 598 1143 haberetur,
621 1069 740 1128 mallem
761 1069 893 1145 accipere
912 1068 1075 1142 dimidium.

17 1177 123 1222 ronon
150 1158 272 1217 delicati
304 1175 418 1232 sumus,
450 1176 510 1216 non
536 1159 673 1217 luxuriae
700 1160 854 1233 quaeritur
880 1157 1128 1233 abundantia31?

62 1247 141 1306 unde
168 1248 307 1324 spiritum
339 1246 550 1321 sustineamus,
583 1247 660 1305 unde
692 1250 818 1306 mortem
846 1247 1016 1306 differamus
1045 1248 1077 1305 in
1140 1280 1143 1289 »

61 1335 233 1412 praesentia
257 1337 559 1411 quantulumcunque.
596 1336 623 1395 si
644 1336 712 1412 plus
736 1355 810 1413 opus
833 1337 937 1410 fuerit,
959 1336 1076 1396 redibis.
1187 1333 1195 1378 ἕ

132 1424 232 1485 Siccae
263 1425 363 1484 fauces
391 1426 474 1499 sunt,
506 1443 595 1501 aeger
627 1425 774 1485 anhelitus
803 1443 835 1484 os
864 1425 971 1484 tendit.
1016 1415 1078 1484 iam

61 1514 176 1573 frustra
197 1515 229 1572 in
252 1515 320 1573 sinu
341 1515 512 1589 parentium
535 1513 622 1572 liberi
643 1514 773 1589 plorant,
799 1516 829 1572 et
850 1514 982 1573 nondum
1004 1515 1078 1573 editi

17 1605 222 1679 inconceptus
244 1605 326 1662 intra
347 1606 466 1663 uterum
488 1603 598 1662 famem
620 1604 761 1662 sentiunt.
802 1604 863 1661 iam
885 1622 972 1662 nemo
995 1603 1077 1663 dives

63 1693 117 1752 est.
163 1711 251 1752 auras
284 1696 439 1768 captamus
472 1695 502 1750 et
533 1710 599 1751 rore
626 1693 786 1768 vescimur,
818 1694 849 1751 et
874 1690 937 1750 iam
964 1693 1077 1767 spirare

61 1783 246 1840 tormentum
269 1784 326 1856 est,
354 1781 463 1840 cotidie
485 1782 563 1840 vires
587 1780 735 1840 deficiunt,
780 1781 842 1840 iarn
864 1800 924 1840 non
946 1783 1023 1840 imus
1045 1783 1078 1839 in

61 1871 136 1930 litus
159 1870 210 1929 sed
233 1869 372 1928 redimus.
413 1871 445 1928 in
468 1870 557 1929 editis
580 1869 710 1946 scopulis
738 1871 866 1947 populus
889 1869 984 1945 sedet,
1007 1870 1078 1928 dum

62 1977 154 2019 naves
182 1962 332 2035 expectat,
358 1958 391 2017 in
413 1978 525 2035 pascua
547 1978 607 2018 non
633 1959 720 2017 redit,
766 1977 859 2036 aquas
886 1959 1077 2037 ingredimur,

17 2071 49 2112 so
64 2051 96 2109 et
118 2065 194 2107 unus
217 2048 256 2107 ad
278 2051 309 2107 te
333 2050 532 2124 spectantium
554 2049 647 2107 rictus
671 2051 728 2122 est,
751 2051 795 2123 et,
817 2066 885 2107 cum
908 2048 1079 2108 defecerunt

63 2139 179 2212 omnia,
203 2139 347 2213 expirant.
393 2141 437 2212 te,
460 2140 491 2196 te
514 2139 703 2213 expectantes
726 2137 850 2197 intentis
873 2138 966 2197 oculis
988 2139 1078 2196 mori-

61 2247 139 2301 mur,
151 2227 189 2302 ¹in
207 2246 289 2286 mare
307 2229 419 2286 mortui
436 2227 555 2287 cadunt.
593 2227 729 2302 quotiens
748 2227 810 2285 sole
827 2245 968 2303 percussa
985 2226 1077 2287 nubes

61 2314 194 2390 refulsit,
226 2335 334 2375 navem
360 2319 514 2393 putamus,
546 2317 682 2391 quotiens
714 2316 826 2374 fractus
853 2315 1078 2401 vento,fluctus

62 2404 211 2479 incanuit,
234 2405 302 2464 vela
329 2405 568 2481 interpretamur.
615 2425 632 2464 o
658 2404 782 2464 mobiles
809 2406 984 2464 miserorum
1012 2424 1105 2479 spes.

18 2514 48 2557 so
62 2493 103 2553 ad
129 2513 325 2569 unaquaeque
357 2494 468 2554 solacia
495 2494 532 2553 ab
562 2512 741 2569 unoquoque
771 2493 918 2569 quomodo
950 2490 1078 2552 nutant?

62 2583 137 2642 haec
160 2585 239 2641 certe
262 2583 348 2642 navis
372 2586 424 2658 est,
448 2601 513 2642 ecoe
536 2583 605 2642 vela
627 2583 808 2658 panduntur,
830 2581 953 2658 propius
977 2583 1078 2657 appel·

138 2793 151 2840 1
170 2787 359 2859 praestitisti}
377 2790 399 2858 (s
418 2790 465 2857 er.)
480 2797 513 2841 M
588 2794 604 2840 2
624 2751 749 2858 οεθτὲαε
768 2796 800 2840 Μ
873 2786 991 2868 hymber
1008 2796 1030 2838 V

46 2865 80 2912 va
101 2862 244 2913 canentes:
264 2878 284 2913 n
297 2862 380 2929 price
398 2860 430 2912 ia
442 2876 497 2914 ras.
512 2868 540 2913 B
611 2859 775 2926 colitsarum
792 2865 832 2924 133
856 2856 1031 2911 collrssarum
1050 2867 1082 2910 Μ

62 2938 199 2986 tarenos
217 2941 256 2986 Vc
333 2930 453 2998 tsydus
472 2930 629 2999 hybernum
646 2940 667 2982 V
753 2928 929 2999 8navigasti
946 2930 1006 2985 Scb.

64 3016 129 3056 aves
150 3011 178 3056 B
267 3000 489 3066 9velocitatis
580 3007 613 3054 10
636 3001 832 3056 habundantia
849 3009 882 3065 Ve
972 3006 1004 3053 11
1030 3001 1079 3054 sed

62 3073 139 3126 unde
153 3073 313 3142 spiritumet
357 3073 412 3127 ude
426 3075 544 3127 mortem
558 3082 583 3139 V,
600 3091 620 3126 n
633 3074 891 3142 carpentanorum
941 3077 973 3125 13
992 3071 1079 3125 hane·

62 3143 132 3198 litus
150 3154 172 3197 V
212 3144 416 3210 ostendetBV3
436 3161 466 3198 os
481 3144 638 3208 ostendite
693 3150 726 3197 14
746 3144 838 3197 sinum
852 3165 870 3196 a
919 3143 1080 3213 parentium

64 3225 102 3270 B:
122 3217 195 3269 tum
208 3215 309 3284 reliqui
364 3221 397 3270 16
415 3215 515 3286 E3iam
529 3216 552 3283 (t
565 3217 612 3286 cr.)
631 3224 652 3267 V
697 3214 804 3284 spirare
817 3216 910 3270 Desa:
930 3230 1042 3283 sperare
1056 3236 1079 3267 ω

65 3291 99 3341 18
122 3285 237 3351 littuse
309 3286 377 3340 ditis
395 3297 434 3353 Β,
458 3297 599 3356 ccupat
672 3285 793 3355 scopulis
816 3303 849 3340 cx
867 3304 914 3339 -us
932 3296 960 3338 B
1029 3302 1079 3355 po-

62 3356 449 3428 pulusomdfflbcprn)
511 3363 544 3410 20
563 3358 686 3412 ritusM
737 3360 877 3412 eterra?
937 3363 970 3411 21
990 3359 1078 3412 tete:

63 3467 132 3519 tunc
146 3468 174 3518 te
189 3475 226 3532 1²3
245 3431 338 3518 ,etos
375 3466 581 3534 expectanteB
626 3470 659 3518 22
678 3465 1083 3519 caduntzuiarae.2lttt.a1

64 3577 99 3626 23
119 3552 224 3639 iractds
243 3582 275 3625 Μ
326 3574 423 3626 ventos
443 3589 476 3626 coc
493 3574 592 3625 ventus
611 3581 632 3624 V
701 3576 734 3625 24
752 3559 797 3624 int
814 3534 864 3625 ετξ
914 3572 1041 3624 aetamur
1056 3580 1082 3622 Β
