2430 3952
88 195 153 258 392
395 192 587 248 EXCERPTA
605 192 783 246 PARJSINA.

88 365 197 438 amisit,
221 363 300 438 dnm,
325 380 414 436 quam
436 381 490 438 pro
515 381 549 419 eo
572 361 743 436 reliquerat·
765 363 881 437 repetit.
927 361 1004 418 nihil
1028 357 1107 438 agis,

87 452 205 510 mulier:
229 452 346 510 facilius
366 453 419 524 est,
443 454 477 509 nt
495 451 610 509 occidet
629 453 754 526 patrem,
778 469 796 511 a
819 468 878 524 quo
897 449 937 508 sit
953 451 1021 525 ipse
1044 470 1107 509 ser-

88 544 183 600 vatus.
230 542 363 599 omnium
385 541 434 599 hic
453 554 527 615 quos
545 541 667 598 miseros
690 541 784 598 fecere
805 541 940 612 virtutes,
963 539 1108 598 innocen-

86 631 219 688 tissimus
236 629 429 704 parricidium
453 630 575 705 negavit
598 630 667 687 ante
688 647 779 704 quam
801 630 887 703 pater
909 627 1106 686 occideretur.

87 719 135 777 fac
165 720 266 776 tamen
298 718 382 776 velle.
437 717 582 792 numquid
612 717 689 775 illud
724 718 861 793 elegisset
892 719 1010 791 tempus
1045 736 1107 792 quo
1135 737 1146 777 s

86 825 146 866 non
165 808 224 865 nisi
246 824 313 865 oum
335 826 461 865 noverca
481 809 629 882 reperitur
646 804 752 881 pater?
797 807 879 864 istud
901 808 992 864 etiam
1017 805 1108 865 dono.

88 915 148 971 quo
178 899 278 954 antem
310 896 396 954 modo
429 913 483 971 per
514 898 560 953 tot
591 895 693 954 domos
727 895 880 954 inauditus
910 897 1108 970 pervenisset.

87 986 125 1043 N.
149 985 210 1044 iam
239 988 310 1043 tunc
337 984 396 1043 iter
423 986 617 1044 consueverat
662 984 694 1059 Q.
718 986 789 1043 esto.
836 986 920 1058 atqui
946 1002 1007 1042 non
1036 1004 1109 1060 uno,

87 1092 147 1133 non
170 1073 284 1132 duobus
306 1072 414 1132 ictibus
437 1091 525 1150 super
542 1074 682 1149 pulvinar
704 1074 835 1151 iugulari
857 1075 983 1148 poterat.
1033 1074 1108 1149 quid

89 1160 220 1221 dormis?
259 1163 298 1221 N.
323 1181 425 1221 secura
449 1181 536 1220 eram.
581 1163 611 1236 Q.
636 1161 729 1237 quid?
752 1162 830 1237 quod
851 1180 955 1220 manus
973 1181 1036 1220 non
1060 1182 1107 1220 er·
1123 1182 1147 1222 n

87 1253 180 1326 navit,
208 1271 267 1310 non
290 1253 322 1308 in
344 1254 374 1310 te
397 1251 515 1324 cecidit,
545 1252 597 1310 scd
619 1252 716 1326 ipsam
746 1253 808 1310 eius
832 1252 935 1310 statim
957 1252 1111 1326 percussit

89 1337 240 1398 enimam?
276 1358 373 1399 nonne
392 1342 484 1399 etiam
501 1338 684 1416 palpitavit?
720 1360 817 1399 nonne
837 1340 991 1416 planctum
1010 1339 1109 1398 fecit?

90 1429 163 1504 quid
176 1427 307 1488 dormis?
339 1430 378 1489 N.
394 1431 484 1488 semel
497 1431 653 1504 peractum
667 1431 720 1487 est.
759 1429 790 1504 Q.
806 1426 973 1504 quomodo?
1007 1448 1109 1488 nonne

89 1519 269 1578 extrinsecus
299 1519 445 1576 tumultus
476 1515 639 1577 excitavit?
685 1520 720 1575 tn
749 1520 833 1576 iuxta
868 1517 939 1591 quid
971 1516 1109 1576 dormis?

88 1609 126 1666 N.
148 1607 295 1682 quomodo
314 1610 414 1666 actum
437 1607 485 1681 sit,
504 1626 522 1664 a
540 1606 653 1682 pariete
673 1626 781 1682 quaere
837 1606 868 1679 Q.
888 1606 985 1680 quivis
1011 1607 1110 1683 igitur
1124 1625 1147 1666 n

87 1699 232 1772 parietem
262 1697 377 1772 palmn
407 1697 555 1770 tertioque
580 1715 639 1754 non
671 1698 795 1772 tinguet.
838 1695 889 1753 sed
914 1698 943 1753 et
975 1695 1110 1772 vestigia

88 1786 168 1844 caeci
198 1788 229 1844 et
250 1787 383 1844 mulieris
411 1804 471 1844 non
500 1783 687 1843 conveniunt.
728 1784 766 1842 N.
791 1781 884 1858 quid?
912 1783 990 1858 quod
1013 1786 1047 1842 in
1071 1785 1109 1842 li-

88 1875 167 1933 mine
194 1878 328 1949 repertus
356 1872 421 1934 est?
467 1874 498 1948 Q.
522 1875 598 1932 facie
621 1873 741 1948 quidem
764 1872 801 1930 ad
829 1874 982 1949 planctum
1010 1892 1109 1932 versa.

88 1964 127 2023 N.
151 1982 210 2021 non
232 1964 323 2022 hebes
347 1962 427 2037 quod
448 1981 502 2038 pro
529 1981 597 2021 ense
620 1962 709 2021 dicas.
756 1961 787 2036 Q.
812 1961 927 2020 abunde
951 1963 1009 2020 sois
1034 1963 1109 2038 quid

88 2053 217 2127 primum
240 2070 347 2110 nocens
370 2049 483 2110 abicit?
528 2051 605 2109 illud
627 2051 704 2109 unde
727 2052 842 2110 facinus
864 2051 987 2127 peregit.
1037 2069 1107 2109 con·
1123 2071 1147 2110 n

89 2142 173 2216 gesta
196 2142 273 2212 aunt,
296 2140 329 2197 P.
349 2138 389 2213 0.,
412 2142 445 2197 in
467 2142 605 2199 miseram
629 2141 803 2198 caecitatem
826 2159 980 2212 venenum,
1008 2159 1109 2215 cruor,

89 2230 201 2285 ferrum
236 2231 265 2285 et
300 2228 445 2302 quidquid
483 2247 544 2286 non
576 2232 675 2303 potest
709 2247 771 2287 ease
805 2229 1011 2306 neglegentiae
1046 2232 1110 2289 nisi

90 2316 256 2375 nescientia.
310 2317 394 2375 vobis
427 2319 527 2376 antem
559 2321 663 2376 notum
699 2321 756 2377 est:
788 2338 848 2376 non
881 2317 967 2376 debet
1000 2336 1109 2379 caecus

89 2405 256 2480 suspicione
286 2409 385 2483 argui,
415 2406 466 2465 sed
494 2406 679 2482 deprehendi.
725 2409 755 2465 te
786 2426 855 2466 vero
886 2425 973 2482 anper
1004 2410 1110 2466 omnia

89 2498 300 2554 testamentum
323 2496 431 2572 arguit.
1121 2515 1147 2557 as

162 2682 341 2750 lreliquerit
360 2692 387 2736 Β
460 2682 668 2758 2fadcilius13
738 2684 798 2751 ipse
818 2701 867 2737 om.
888 2693 914 2736 Β
985 2688 1108 2737 4neca-

90 2808 130 2860 vit
148 2816 177 2858 Β
247 2770 432 2860 occiddiurn
498 2806 627 2861 7modo:
648 2807 721 2860 dono
736 2816 764 2859 Ρ
828 2807 972 2861 inauditus
986 2824 1064 2875 supr.
1082 2818 1110 2861 Β

90 2880 309 2932 Stunoom.1’
383 2879 437 2931 iter
455 2896 505 2933 om.
526 2888 555 2932 Β
635 2880 782 2932 consuerat
804 2888 849 2931 VB
922 2894 978 2930 uno
997 2878 1058 2931 ictu
1080 2889 1108 2934 Β

91 2955 124 3002 10
144 2956 208 3017 post
231 2949 334 3003 dormis
358 2949 414 3003 odd
447 2950 580 3003 semel-
596 2966 688 3003 nonne
712 2959 749 3015 1'3
773 2950 906 3004 semel-
923 2949 1060 3002 excitavit
1080 2960 1108 3005 Β

91 3039 114 3074 o.
131 3022 147 3073 l.
164 3025 198 3074 13
279 3020 432 3089 quodquod
454 3030 528 3074 Vlw
599 3027 631 3075 11
651 3022 823 3090 percocnssit
841 3031 869 3073 Β
953 3026 986 3074 12
1005 3019 1108 3088 plane-

90 3093 150 3144 tum
168 3101 223 3145 ΒΒ
295 3091 374 3146 fecit:
395 3092 493 3145 citavit
511 3101 585 3146 m
656 3098 688 3144 13
708 3092 965 3160 quid-excitavit
983 3108 1033 3146 om.
1059 3102 1109 3147 Vn

91 3165 123 3229 (c.
140 3163 156 3214 l.
174 3165 218 3230 10)
232 3172 261 3214 Β
329 3163 448 3233 {semel
466 3165 495 3232 (2
512 3164 667 3233 litt.er.)1'
737 3170 769 3216 15
789 3179 893 3233 quaere
912 3180 929 3216 a
947 3162 1059 3231 pariete
1080 3175 1109 3218 Β

92 3239 124 3286 16
144 3234 227 3286 tertio
246 3243 297 3286 BV
372 3236 412 3287 et:
432 3251 465 3287 ao
483 3243 535 3286 BV
612 3239 645 3287 17
665 3236 740 3303 quod
758 3252 833 3302 supr.
853 3244 881 3287 Ρ
956 3234 986 3286 in
1005 3233 1108 3289 limine

91 3303 214 3357 cubiculi
233 3305 276 3358 sui
291 3315 318 3358 Β
391 3311 424 3359 19
443 3305 513 3375 quid
526 3322 577 3375 pro
595 3306 625 3359 in
644 3322 674 3360 se
692 3316 721 3373 1⁷3
741 3305 810 3373 quid
829 3322 858 3359 se
872 3315 900 3357 Β
970 3305 1109 3361 habunda

95 3420 124 3477 νς
142 3376 275 3464 habunde
293 3421 321 3463 Β
426 3417 459 3465 21
479 3412 508 3464 P.
525 3411 552 3466 C.
573 3429 622 3467 orn.
642 3423 670 3466 Β
778 3419 812 3466 24
832 3400 1021 3481 suspicionem
1045 3423 1068 3465 ι’

91 3488 124 3535 25
144 3482 251 3551 arguit:
271 3482 410 3537 convincit
430 3493 456 3536 Β
