2430 3952
395 197 629 252 DECLAMATIO
649 197 700 252 XV
714 203 810 252 8—10.
1041 198 1106 263 285

94 368 175 427 ultra
201 369 348 425 rationem
374 368 407 424 in
434 367 496 425 dies
519 366 687 442 demensus,
716 368 876 426 amentiam
902 369 1028 442 pateris,
1056 366 1106 426 ad·

94 456 209 530 vers<is
223 452 332 534 reb>us
350 455 482 514 felicium
501 456 602 514 oscula
615 458 734 515 tantum
753 456 963 532 amplexusque
982 457 1106 516 medita-

93 545 144 619 ris,
158 547 197 620 et,
211 544 289 603 unde
302 544 361 603 tibi
375 545 555 604 calamitatis
569 545 657 604 huius
671 564 731 604 non
744 547 843 620 potest
861 563 914 604 nec
933 547 1020 604 venia
1039 565 1106 604 con·

93 634 218 712 tingere,
228 634 264 692 de
274 620 428 710 voluptate
441 634 531 692 miser
545 651 583 692 es
608 634 821 709 expectandum
831 633 977 709 videlicet,
988 633 1106 709 quando

67 725 125 785 cte
143 725 240 796 famis,
263 725 366 798 inopia
384 722 518 800 castiget.
555 723 606 782 sed
624 723 702 782 inter
719 724 778 782 ista
797 723 932 799 coepisti:
956 723 1028 798 quid
1045 724 1107 781 iam

94 812 191 872 facere
209 813 309 888 potest
321 813 409 886 ratio,
423 809 599 871 consilium?
631 812 699 872 odio
718 812 866 872 sanandus
886 814 930 871 est
947 831 1034 886 quem
1047 831 1107 870 non

95 902 224 977 explicat
238 900 319 976 quod
336 919 450 976 pauper
464 901 624 960 adamavit.
660 920 720 960 non
736 905 837 961 tamen
854 901 1027 978 intellegere
1040 919 1107 976 pos-

95 1009 196 1049 sumus
214 992 245 1048 te
263 1009 323 1048 non
341 990 436 1049 solam
453 983 669 1069 (sanaturum)
687 990 778 1050 fuisse
800 992 1016 1066 paupertatem.
1052 989 1107 1048 ite-

94 1099 162 1137 rum
183 1097 243 1137 non
267 1097 337 1154 opes
359 1080 479 1137 tantum
501 1079 566 1154 tibi,
589 1098 649 1137 non
671 1079 829 1139 facultates
855 1079 1024 1138 defuerunt:
1048 1097 1107 1136 non

55 1190 82 1230 io
96 1169 189 1242 erant,
209 1170 353 1242 quantum
371 1167 467 1242 video,
480 1167 650 1244 propinqui,
663 1188 723 1227 non
741 1170 843 1227 amici:
867 1169 1000 1242 alioquin
1017 1167 1065 1226 illi
1077 1170 1108 1226 te

94 1259 196 1332 potius
219 1260 321 1316 nostra
342 1258 464 1332 potione
492 1260 645 1317 sanassent
672 1258 734 1332 vel,
757 1259 782 1317 si
804 1259 991 1335 ignorassent
1017 1258 1107 1316 huius

96 1347 240 1424 graminis
254 1346 345 1414 virus,
359 1345 486 1405 vinculis
500 1347 681 1421 nexibusque
694 1348 867 1406 tenuissent.
901 1345 972 1421 quid
990 1346 1107 1405 blandis

96 1433 246 1494 adfatibus
280 1436 552 1510 inpotentissimum
586 1435 680 1494 eludis
714 1432 884 1495 adfectum?
929 1435 1033 1494 datum
1063 1437 1109 1495 est

95 1523 259 1583 remedium
281 1523 378 1582 dolori
401 1526 453 1599 qui
476 1542 562 1599 saepe
584 1525 646 1601 egit
668 1526 700 1582 in
722 1526 854 1599 laqueos,
876 1526 909 1582 in
931 1525 1108 1600 praecipitia

56 1637 82 1676 15
98 1613 250 1689 compulit,
265 1614 317 1688 qui
331 1614 478 1672 cruciatus
496 1613 661 1672 laborantis
680 1615 796 1672 animae
810 1613 982 1672 vulneribus
1001 1612 1107 1672 emisit.

98 1704 242 1777 quantum
270 1702 363 1760 amori
390 1703 422 1759 in
448 1702 567 1760 homine
596 1701 699 1775 liceat,
725 1703 773 1760 illi
804 1703 899 1780 magis
931 1703 1028 1761 sciunt
1057 1703 1109 1777 qui

98 1793 244 1850 amantur.
290 1791 379 1868 iunge
405 1810 483 1850 nunc
506 1809 572 1849 cum
599 1791 720 1850 fortuna
742 1794 797 1849 tua
819 1791 1021 1851 condicionem
1044 1810 1107 1849 mu·
1124 1790 1162 1844 lo

97 1881 179 1938 lieris
206 1878 370 1938 adamatae.
415 1880 562 1939 incideres
585 1880 704 1954 quidem
729 1882 819 1939 miser
845 1881 877 1938 in
900 1881 1032 1956 puellam
1053 1879 1108 1938 mi·

96 1970 175 2027 nime
198 1968 355 2044 superbam
373 1971 552 2044 minimeque
571 1968 730 2028 difficilem.
769 1969 912 2044 quasdam
930 1972 1031 2028 tamen
1049 1987 1109 2028 non

56 2081 84 2120 so
97 2077 251 2134 possumus
274 2058 430 2116 circumire
452 2059 627 2118 meretrices.
670 2078 759 2133 quam
781 2059 877 2118 multa
899 2078 953 2134 pro
976 2059 1038 2118 illis
1061 2077 1109 2116 ex-

97 2148 163 2224 igit
178 2164 271 2222 sexus,
294 2149 376 2206 aetas
399 2147 507 2223 poscit!
533 2166 648 2223 semper
670 2149 829 2208 necessitas
852 2148 929 2224 petit
952 2166 1109 2223 corporum

98 2236 208 2311 cultus,
235 2237 331 2311 poscit
352 2236 541 2295 tristissimae
564 2236 702 2296 stationis
729 2237 916 2312 inpatientia.
961 2238 1040 2296 totos
1064 2238 1108 2294 in-

98 2326 170 2383 felix
197 2324 259 2384 dies
285 2326 476 2400 lupanarium
507 2325 621 2385 foribus
648 2325 804 2401 inpendes‚
835 2329 870 2384 ut
898 2325 1015 2400 quando
1043 2345 1110 2400 pro-

99 2413 206 2472 stituta
232 2413 357 2489 pauperi
384 2417 477 2473 vacet.
523 2416 711 2473 contentione
743 2417 963 2473 numerantium
991 2413 1110 2486 dilatus,

58 2525 84 2566 25
100 2503 249 2576 exclusus,
281 2504 375 2561 otium
406 2503 568 2562 meretricis
601 2506 745 2578 expectas.
790 2506 919 2581 negatur
947 2503 1004 2560 tibi
1032 2520 1110 2560 com·

99 2592 216 2667 plexus,
243 2590 446 2669 indignatione
468 2593 661 2667 persequeris.
707 2593 867 2670 contingit,
890 2611 992 2651 verum
1017 2590 1110 2649 felici·

98 2683 162 2740 tate
195 2683 398 2756 corrumperis.
445 2699 527 2756 spem
559 2681 669 2759 gaudia
695 2683 822 2757 parant,¹
848 2680 973 2739 adversa
1002 2680 1111 2738 contri·

172 2875 185 2922 1
206 2868 342 2921 dimersus
360 2876 429 2934 3113
449 2868 590 2921 demersus
608 2877 662 2932 Vec
723 2868 848 2921 amantia
865 2876 904 2934 123
926 2867 1050 2920 amentia
1068 2870 1112 2937 (ecc

99 2940 191 2994 -antia
209 2943 240 3009 V)
259 2949 313 3003 Ver*
382 2939 513 2992 adversus
532 2961 567 3006 ως
586 2956 654 2994 corr.
670 2941 766 3006 Klot23
790 2940 819 2992 in
839 2939 960 2992 adversis
979 2938 1038 2993 cco.

100 3029 277 3117 tcontifierc
294 3054 323 3098 B
376 3045 499 3098 ttamen
517 3058 554 3110 eo*
610 3047 800 3099 tranandum
818 3054 870 3099 BV
908 3050 936 3128 ·8
955 3047 983 3098 te
1001 3062 1110 3129 ncnc:

100 3117 850 3258 {rccusettautameos&
864 3116 1111 3243 tatldtlllzff

102 3258 248 3313 affectibus
267 3281 289 3311 ω
344 3264 378 3312 14
396 3259 542 3328 praecipio
559 3267 587 3311 B
648 3265 680 3313 16
700 3259 874 3324 hominemc
933 3265 965 3313 17
986 3261 1112 3312 amante

103 3336 135 3384 19
155 3330 293 3399 quaedam
347 3330 545 3384 circumcidere
560 3333 615 3384 Bc.
667 3337 699 3384 21
715 3346 824 3400 semper
833 3362 867 3371 -
876 3331 968 3400 poscit
982 3332 998 3384 l.
1008 3334 1047 3384 22
1061 3348 1110 3385 om.

100 3408 166 3469 ΒΜ,
179 3403 211 3455 ia
224 3402 426 3473 matraculam
480 3407 513 3454 23
533 3401 677 3470 impendes
693 3414 720 3455 s:
740 3402 879 3471 impendit
891 3411 952 3469 m'3
966 3402 1003 3455 -is
1013 3410 1080 3466 Meo*
1152 3458 1153 3462 ,

101 3473 227 3577 {13133113
247 3509 415 3577 quandoque
435 3520 451 3560 s
509 3515 543 3562 24
562 3510 590 3562 et
609 3508 787 3562 contentione
806 3531 824 3562 α
838 3512 874 3580 (V
888 3511 935 3578 er.)
994 3513 1028 3561 26
1048 3523 1111 3562 con-

100 3581 167 3651 tigit
176 3589 236 3634 ΒΜ
276 3585 308 3634 at
324 3579 484 3634 conditione
492 3588 553 3647 m}
568 3579 780 3634 contrictionem
790 3589 832 3648 Δις
846 3578 1122 3634 contentionemGr.
