2430 3952
118 190 183 255 152
417 189 562 245 callim
579 189 822 244 LANGVENTES

22 352 24 356 ’
118 361 221 418 uestra
243 357 395 432 lacrimas,
420 377 508 434 super
531 359 666 417 ardentes
689 377 776 436 rogos
799 360 908 417 tenetis
931 359 1138 418 inconcussam

118 447 306 525 rigidamque
334 448 454 520 faeiem,
481 449 533 507 itis
562 447 680 506 obviam
703 448 967 522 consolationibuS,
995 450 1034 521 et,
1058 449 1140 522 quod

121 556 238 595 omnem
261 536 382 594 modum
405 537 536 596 feritatis
560 536 688 610 excedit,
716 537 845 613 captatis
868 538 901 594 in
925 556 1035 614 magna
1058 538 1137 596 cala-

119 627 226 684 mitate
249 625 373 683 laudari.
413 625 576 700 quidquam
600 645 670 702 ergo
694 625 752 684 erit
775 625 854 700 qued
877 625 913 684 de
932 627 1138 685 communibus

119 714 293 792 pignoribus
321 733 381 772 nen
403 716 471 789 pari
498 717 611 790 mente,
638 716 706 789 pari
732 715 935 789 impatientia,
962 715 1011 772 vel
1038 716 1137 774 sine·
1167 738 1178 777 s

120 805 241 863 cessitas
264 803 405 879 postulet,
428 805 496 878 pari
514 805 613 881 rigore
637 801 776 862 faciatis?
813 805 887 862 mali
904 806 1024 862 tantum
1042 804 1138 878 patris

119 895 252 966 interest,
275 895 310 950 ut
332 893 424 950 matii
445 893 544 950 minus
567 893 664 951 liceat.

188 982 265 1040 Sane
288 980 375 1040 cedat
392 981 477 1040 vobis
496 983 574 1040 circa
591 982 736 1058 regendas
755 983 956 1041 communium
978 983 1139 1060 pignorum

72 1094 88 1106 ⁸
120 1074 234 1129 mentes
262 1087 349 1128 sexus
377 1069 536 1144 infirmior,
563 1089 617 1130 vos
639 1089 749 1144 meres,
772 1090 825 1130 vos
848 1072 930 1129 vitae
955 1090 1139 1147 genuarios

120 1160 312 1218 matrimonia
340 1162 510 1233 ceterosque
539 1161 621 1218 actus
653 1161 753 1218 vestra
780 1159 971 1234 persuasione
1004 1159 1179 1234 firmetis,1c

121 1247 267 1322 numquid
291 1265 434 1324 arrogans
458 1250 647 1322 consortium,
671 1248 817 1323 numquid
839 1250 987 1323 impotens
1011 1250 1138 1308 societas

123 1340 169 1396 est
200 1337 309 1396 liberos
342 1355 511 1396 communes
544 1357 606 1397 esse
642 1335 839 1414 languentes?
889 1340 915 1396 si
947 1339 1014 1412 quis
1045 1339 1138 1397 imm0

87 1479 89 1483 ,
122 1427 219 1502 pudor
247 1429 304 1500 est,
333 1425 402 1484 cede
429 1445 508 1485 nunc
534 1429 602 1485 tota
630 1428 779 1501 potestate
807 1428 910 1501 matri,
937 1427 1019 1485 illius
1044 1428 1084 1485 sit
1105 1429 1139 1484 in

123 1518 207 1594 aegri
228 1517 295 1573 toro
318 1516 432 1590 primus
455 1515 550 1589 locus,
574 1517 647 1574 haec
670 1514 811 1574 adhibeat
833 1517 979 1590 fomenta,
1002 1518 1140 1593 porrigat

123 1606 216 1679 eibos,
244 1604 365 1679 siquid
393 1605 597 1680 impatientia,
625 1606 651 1664 si
675 1604 746 1678 quid
773 1605 966 1682 flagrantium
991 1606 1140 1664 viscerum
1154 1626 1180 1666 15

122 1694 219 1770 poscit
236 1693 405 1767 infirmitas,
428 1696 525 1751 mater
542 1696 639 1771 neget,
662 1695 758 1752 mater
776 1693 939 1772 indulgeat.
976 1694 1045 1753 illas
1065 1713 1140 1768 quas

122 1783 299 1842 immodicus
323 1782 411 1840 ardor
434 1783 557 1842 discutit
580 1785 689 1856 vestes,
717 1783 790 1841 haec
812 1802 901 1858 super
927 1784 1071 1860 fatigatos
1093 1803 1140 1842 re-

122 1874 217 1948 ponat
240 1873 336 1945 antus,
364 1872 419 1929 illa
441 1873 569 1930 iactatas
591 1874 657 1931 toto
682 1871 792 1930 lectulo
816 1891 921 1930 manus
945 1871 1047 1931 sedule
1070 1891 1139 1931 con-

124 1963 222 2019 tineat
244 1960 359 2018 affeetu.

88 2050 106 2103 8
192 2049 316 2107 Frustra
348 2051 451 2123 captas
478 2049 574 2107 videri
605 2049 751 2107 ultionem
780 2068 907 2126 magnae
937 2051 1072 2109 caritatis
1100 2049 1181 2111 abac

126 2140 207 2196 omni
231 2157 318 2196 curae
340 2140 457 2196 ratione
481 2140 635 2213 sepositus.
682 2157 749 2196 cum
773 2140 851 2196 circa
874 2140 1042 2198 curationes
1065 2139 1140 2197 libe-

119 2245 226 2285 rorum
248 2245 307 2285 non
326 2228 515 2285 consentiunt
537 2230 684 2303 parentes,
707 2229 869 2286 curationis
893 2230 938 2286 est
959 2228 1056 2303 culpa,
1079 2248 1141 2287 non

125 2316 237 2375 matris.
285 2313 378 2390 quid?
407 2315 486 2390 quod
512 2315 608 2374 filium
636 2316 745 2375 occidit
770 2318 958 2375 innocentem
986 2319 1034 2375 cni
1063 2318 1141 2374 nihil

126 2405 253 2479 obicere,
280 2405 356 2462 nihil
378 2407 498 2479 poterat
519 2403 629 2464 irasci?
656 2404 766 2479 filium,
794 2407 820 2464 si
842 2407 902 2480 ipsi
924 2406 1058 2479 creditis,
1086 2426 1140 2481 pro

125 2495 218 2553 fratre
250 2495 327 2552 mori
357 2496 497 2568 paratum
529 2496 612 2553 cuius
644 2514 782 2570 suprema
813 2495 890 2552 ferre
920 2514 980 2554 non
1011 2497 1140 2570 poterat.
1155 2516 1181 2556 aa

126 2603 249 2658 novum,
276 2582 401 2656 iudices,
430 2586 459 2641 et
485 2585 672 2660 incognitum
694 2583 781 2642 rebus
808 2585 946 2642 humanis
970 2584 1071 2643 audite
1096 2585 1141 2642 fa-

126 2675 216 2732 cinus.
263 2673 324 2729 iam
347 2672 541 2746 parricidium
564 2674 670 2748 pietas,
694 2674 803 2731 caritas
827 2675 857 2731 et
879 2674 1071 2748 impatientia
1094 2693 1141 2732 or-

125 2762 230 2821 bitatis
249 2761 391 2821 admittit.
428 2762 508 2819 malo
529 2761 637 2836 odium,
662 2762 806 2836 querelas,
829 2764 1028 2822 execrationes
1051 2782 1142 2837 quam

127 2853 162 2909 ut
186 2852 252 2926 quis
278 2849 387 2909 liberos
416 2850 523 2909 affectu
547 2870 605 2925 quo
634 2853 799 2924 servantur,
827 2851 950 2909 occidat.
998 2851 1070 2926 quid
1096 2873 1143 2909 re-

199 3109 311 3162 amitis
329 3118 358 3162 Β
417 3109 492 3178 quod
510 3126 584 3178 supr.
600 3118 628 3162 Β
694 3109 754 3163 tsi
773 3118 866 3164 omn
928 3089 1143 3178 oportuldt153

127 3180 296 3249 postulas
346 3180 415 3234 mali
433 3198 467 3234 ca
483 3180 589 3234 malum
607 3189 635 3233 Β
688 3180 855 3251 Srigendas
875 3190 902 3232 Ρ
954 3185 988 3234 10
1006 3183 1103 3235 nostra
1118 3191 1147 3234 Ρ

130 3258 162 3304 11
187 3253 228 3307 bis
245 3251 394 3319 numquid:
419 3269 475 3306 non
494 3252 569 3319 quod
588 3263 612 3304 J
682 3257 715 3305 14
734 3252 814 3306 thoro
833 3261 897 3316 BVs
969 3257 1002 3305 15
1021 3251 1143 3322 flagran-

128 3323 212 3376 tium:
231 3322 371 3392 flagitium
390 3335 410 3375 o
482 3328 514 3376 18
536 3322 602 3376 illas
619 3332 696 3376 BVP
711 3326 734 3392 (s
754 3324 803 3376 del.
823 3340 896 3377 mun.
917 3324 943 3391 3)
963 3335 983 3375 d
1052 3323 1144 3377 iactas

130 3404 162 3461 Ρ,
181 3396 212 3447 ta
229 3411 304 3463 supr.
318 3415 339 3455 p
429 3398 464 3447 20
485 3393 594 3448 ultione
613 3404 645 3448 Μ
665 3395 720 3465 (vel
742 3394 879 3448 ultionem
901 3411 975 3463 supr.
991 3396 1032 3463 m)
1106 3395 1143 3448 ab

129 3501 205 3555 omni
224 3501 367 3554 curatione
385 3517 431 3554 me
454 3501 606 3570 sepositam
624 3501 680 3555 Bu.
771 3506 805 3553 23
829 3465 951 3569 qdidqod
970 3501 1000 3571 (d
1017 3519 1093 3571 supr.
1108 3511 1144 3570 Β,

130 3578 231 3642 tsupr.
247 3575 274 3642 c)
288 3581 316 3625 B
387 3578 420 3626 26
440 3588 590 3641 supprema
608 3582 629 3624 V
697 3572 894 3642 recognitum
912 3581 941 3625 Β
