2430 3952
358 227 593 284 DECLAMATIO
613 228 664 282 ΧΗ
677 234 790 284 ao-ac.
1017 228 1083 293 243

67 415 121 458 sua
149 397 218 457 odia
241 416 326 482 quae
346 398 520 475 plerumque
549 417 584 457 ex
611 397 748 457 inanibus
776 400 871 457 causis
899 397 1081 474 oboriuntur,

66 486 230 636 hablldldltta
249 578 433 650 succurrunt,
456 575 516 649 sed,
535 576 560 636 si
580 595 639 652 qua
658 577 712 650 est,
732 573 853 650 iudices,
871 573 981 635 dicenti
1000 575 1080 652 fides,
1094 539 1133 632 id

67 683 122 743 ego
150 664 226 723 nihil
252 663 428 724 invidiosius
451 666 571 741 reputo,
600 683 690 740 quam
712 664 792 740 quod
820 664 974 724 civitatem
996 683 1080 724 suam

40 757 131 816 asine
155 772 245 813 causa
266 753 405 830 perdidit.

134 839 334 918 Quaecunque
356 843 447 918 ratio,
476 842 672 918 quodcunque
694 844 890 919 propositum
907 843 981 917 fuit,
1009 842 1081 900 audi

67 950 143 1007 quae
166 933 248 1009 passi
270 949 379 1005 sumus,
401 934 562 1008 postquem
583 931 679 991 redire
702 933 836 1009 potuisti.
878 935 996 991 transeo
1019 934 1079 990 tor·

65 1021 168 1079 menta
190 1023 309 1081 nostrae
332 1020 465 1096 inopiae,
487 1022 613 1080 maciem
636 1021 780 1098 corporis,
803 1021 903 1080 vulsos
927 1024 1007 1080 terra
1030 1020 1078 1079 de-

66 1111 245 1185 strictosque
267 1112 358 1169 ramis
382 1108 471 1184 cibos,
494 1109 574 1185 quod
593 1111 652 1170 aris
676 1110 785 1168 altaria
807 1128 867 1168 non
885 1109 1078 1186 inposuimus,

27 1220 52 1260 ro
67 1197 147 1274 quod
168 1198 298 1275 populus
320 1197 491 1275 corporibus
515 1201 575 1258 suis
598 1199 662 1259 vias
685 1199 802 1274 stravit,
826 1198 905 1274 quod
927 1198 1078 1259 mendicus

65 1306 155 1363 quem
176 1289 310 1364 rogaret,
337 1306 396 1346 non
418 1287 532 1346 babuit.
577 1305 637 1346 non
664 1287 792 1346 obiciam
813 1287 870 1346 tibi
898 1288 1015 1346 famem.
1062 1307 1079 1347 o

64 1374 161 1434 tristis
179 1375 358 1435 recordatio!
383 1394 400 1435 o
418 1377 575 1436 tormentis
593 1375 729 1435 omnibus
748 1376 928 1436 conscicntia
946 1377 1078 1454 gravior!

63 1483 169 1541 rumpe
188 1465 316 1524 ferreum
335 1467 438 1540 pectus
457 1467 488 1523 et
505 1465 641 1524 ardentia
663 1466 775 1526 scelera
792 1465 979 1540 viventisque
997 1467 1078 1526 intus

65 1554 169 1630 epulas
193 1548 304 1612 excute.
350 1555 502 1613 luctantur
528 1554 608 1612 intra
631 1554 746 1613 viscera
768 1554 885 1613 animae
909 1557 940 1613 et
961 1557 1078 1612 uterum

24 1656 50 1704 is
64 1641 218 1701 funeribus
234 1641 390 1720 gravidum
407 1645 440 1700 in
455 1661 487 1703 os
503 1645 603 1721 agunt.
637 1642 790 1702 credibiles
809 1643 926 1702 fabulas
945 1643 1078 1718 fecimus,

63 1732 166 1790 felices
197 1732 345 1807 miserias,
383 1733 493 1792 scelera
526 1733 704 1792 innocentia.
751 1751 851 1792 omnes
888 1750 1078 1808 quascunque

64 1819 163 1879 clades
190 1821 272 1879 fama
299 1820 449 1898 vulgavit,
476 1820 586 1880 solacia
613 1821 681 1880 hinc
707 1822 826 1897 petant,
859 1821 928 1880 hinc
956 1821 1079 1880 audient

64 1909 175 1968 occisos
199 1910 262 1968 sine
286 1910 438 1987 sanguine,
462 1910 593 1986 sepultos
616 1911 679 1969 sine
703 1910 822 1988 ignibus
846 1909 933 1970 cibos.
967 1911 1078 1985 siquis

63 1988 207 2057 mentitus
227 2002 272 2057 est
286 1996 440 2074 Cyclopas,
458 1998 688 2077 Laestrygonas,
708 1998 856 2077 Sphingas
876 2003 928 2058 aut
947 1999 1078 2077 inguini-

23 2086 118 2149 robus
141 2087 266 2165 virginis
293 2088 437 2146 latratum
464 2087 584 2147 Siciliae
611 2090 683 2148 litus
712 2090 742 2147 et
769 2107 961 2164 quaecunque
988 2089 1078 2148 misor

64 2175 157 2234 didici
179 2174 260 2234 domi
281 2207 319 2216 -
341 2178 463 2236 comites
486 2196 596 2252 quaero
618 2209 656 2219 -
677 2178 746 2237 hinc
769 2181 985 2254 argumentum,
1008 2177 1077 2236 hinc

61 2264 160 2324 fidem¹
179 2265 335 2342 accipiant.
382 2264 528 2341 quaedam
550 2266 639 2343 plane
661 2267 739 2326 falsa
762 2269 844 2325 sunt:
873 2266 917 2326 sol
939 2268 971 2324 in
995 2269 1076 2325 ortus

62 2372 121 2413 non
158 2353 267 2413 occidit
298 2371 352 2412 nec
384 2354 422 2413 ad
456 2354 655 2414 humanorum
686 2357 832 2416 viscerum
864 2356 966 2432 epulas
999 2355 1077 2413 diem

61 2441 162 2501 vertit.
207 2441 285 2502 vidit
310 2461 364 2502 nos
392 2443 543 2502 funeribus
571 2447 673 2520 pastos
700 2447 730 2504 et
757 2445 796 2502 ad
825 2443 987 2503 eviscerata
1014 2463 1076 2502 cor-

22 2552 48 2592 as
62 2549 137 2607 pora
158 2531 276 2590 inluxit.
313 2531 430 2610 publice
453 2534 587 2591 monstra
610 2534 766 2592 commissa
783 2535 866 2607 sunt,
892 2535 922 2591 et
944 2533 1075 2607 inexpia-

62 2619 122 2678 bile
149 2621 233 2679 nefas
262 2640 320 2680 uno
349 2639 398 2680 ore
426 2622 533 2681 civitas
560 2622 640 2681 fecit.
686 2621 788 2698 poenis
816 2623 926 2681 nostris
950 2623 1012 2680 iam
1039 2641 1075 2679 ne

61 2709 156 2768 fames
181 2709 301 2784 quidem
324 2712 396 2769 satis
420 2712 472 2769 est.
509 2710 565 2770 hoc
588 2731 645 2770 non
671 2729 771 2771 omnes
795 2710 875 2769 ferae
898 2709 1022 2786 faciunt,
1045 2713 1076 2770 et

134 2900 202 2949 lex
220 2896 350 2950 manibus
370 2906 406 2963 Μ,
425 2913 493 2952 corr.
508 2918 540 2949 m
603 2897 768 2952 aboriuntur
785 2906 813 2951 Β
874 2896 1022 2950 3dicendi
1040 2907 1078 2950 ro

61 2972 78 3020 4
96 2967 251 3022 invidiosus
271 2977 308 3036 M,
327 2984 395 3022 corr.
410 2989 441 3020 m
520 2969 595 3036 quod
613 2986 664 3024 om.
679 2977 731 3021 BV
807 2972 824 3020 8
844 2967 1040 3036 districtosque
1058 2979 1079 3021 V

60 3037 216 3092 9altariae
234 3037 596 3107 B;alta1ibusn1;om.o
657 3045 690 3094 10
710 3039 867 3104 enisurus
931 3045 962 3092 13
981 3037 1075 3093 viven-

59 3112 159 3177 tesque
178 3122 214 3175 sc
284 3115 318 3163 14
337 3109 434 3201 ppulas
454 3126 468 3200 q
487 3112 518 3164 irc
535 3129 590 3166 ras.
606 3121 638 3165 M
698 3111 806 3165 discute
825 3123 845 3163 o
905 3110 1033 3164 lutantur
1049 3121 1076 3163 Β

61 3203 94 3253 17
118 3197 247 3267 vulgavit
269 3199 383 3254 solatia:
406 3199 462 3253 -uit
485 3199 588 3254 solatia
610 3201 641 3254 ia
659 3217 713 3256 ros.
733 3210 754 3252 V
832 3205 864 3254 18
889 3200 1012 3271 οοοίξεοε
1035 3208 1073 3266 Β;

60 3269 169 3324 ociosos
184 3279 211 3322 P
263 3269 426 3340 inguinibus
440 3280 478 3338 M,
497 3287 606 3327 coram
661 3271 738 3325 cibos
756 3287 807 3326 om.
827 3281 848 3323 v
900 3276 932 3324 19
952 3271 1074 3340 ciclopes

63 3350 109 3408 1⁷33
129 3340 280 3410 cyclophas
291 3351 322 3394 11
354 3341 590 3412 lesthrigonas153
606 3341 782 3413 lestrygones
796 3343 895 3411 reliqui
932 3343 1074 3412 sphygnas

59 3422 97 3478 P;
116 3428 241 3481 psyngas
260 3421 294 3479 ἐς
314 3413 428 3483 spingas
444 3423 475 3466 11
544 3419 578 3468 20
598 3413 722 3469 Siciliae:
743 3412 837 3467 suciac
851 3423 888 3481 M,
907 3431 974 3469 corr.
989 3435 1021 3466 m

59 3482 96 3538 ad
116 3498 300 3552 quaecunque
319 3483 377 3539 Scb.
469 3491 501 3538 21
527 3501 629 3553 quaere
648 3494 686 3552 153
711 3487 877 3553 quaeretur
962 3501 1074 3552 margu-

57 3556 185 3608 mentum
203 3563 231 3608 Β
248 3558 287 3624 (m
305 3555 355 3609 dal.
371 3557 411 3624 o);
430 3555 460 3609 in
478 3559 674 3625 argumentum
693 3566 724 3609 Μ
794 3561 829 3611 22
849 3556 921 3610 ontis
941 3565 1003 3620 Po,
1021 3555 1093 3605 ortu

59 3637 142 3680 suos
192 3630 226 3678 24
240 3624 384 3680 funeribus
398 3629 468 3683 Bra:
484 3627 647 3684 vulneribus
662 3651 686 3684 ω
735 3630 899 3700 pantaeni
948 3629 1063 3678 aenea
1076 3625 1110 3668 u
1166 3690 1168 3696 γ

886 3715 945 3771 lb*
