2430 3952
397 214 701 270 DECLAMATIONES
719 214 765 269 IX.
784 215 817 269 X.
1050 215 1117 279 371

105 384 229 444 dictoris
253 386 397 461 accipere,
420 384 518 444 subire
541 384 694 443 dominum
716 385 858 444 lanistam
881 386 923 458 et,
950 386 985 442 ut
1007 385 1122 442 veniret

103 475 136 530 in
158 474 312 548 harenam,
339 474 428 532 homo
456 492 509 532 nec
532 473 692 532 sceleratus
714 491 767 532 neo
789 473 907 546 infelix3
936 475 965 531 et
987 473 1121 532 bonitate

104 581 158 622 sua
181 562 331 639 gladiator
353 562 473 622 effectus
496 565 548 622 est.
594 563 724 637 utinam,
752 561 916 638 oiudr'ces,
946 562 1020 620 haec
1046 581 1121 637 quae

102 651 150 708 illi
173 652 307 726 speciosa
329 654 411 727 sunt,
438 653 502 710 tam
523 652 648 710 honesta
678 653 775 711 essent
804 653 834 709 et
856 651 938 709 mihi.
985 653 1121 726 quotiens

77 759 203 799 asenam
233 740 384 814 orbatum,
413 743 549 819 egentem
577 740 678 814 video,
708 741 818 814 fateor,
846 739 940 816 pudet
961 759 1008 798 me
1031 741 1122 815 pretii

103 831 170 888 mei.
216 848 252 887 ex
275 848 333 904 quo
357 848 439 908 ergo,
466 831 565 906 pater,
592 829 639 889 his
668 829 705 889 ad
727 831 872 905 pietatem
898 847 958 887 non
985 828 1121 903 flecteris,

104 917 195 995 egebo
209 936 277 976 cum
292 938 431 994 paupere,
450 918 507 976 duo
527 919 636 979 erimus
651 920 770 996 egentes
790 921 819 976 et
834 920 912 977 circa
926 919 1060 976 omnium
1073 918 1121 975 vel

102 1008 275 1084 ignotorum
289 1008 393 1067 domus
410 1009 518 1082 stipem
531 1006 702 1085 rogabimus
716 1009 837 1082 pariter.
879 1008 906 1065 si
919 1008 985 1083 quis
1000 1006 1121 1084 grandis

103 1098 176 1154 natu
191 1098 244 1170 est,
262 1115 370 1172 parens
386 1099 439 1171 est,
457 1095 646 1155 miserebitur
659 1099 746 1171 senis,
765 1098 791 1156 si
806 1097 872 1172 quis
886 1095 1011 1170 iuvenis,
1031 1095 1120 1170 filius,

63 1204 90 1244 ro
103 1185 291 1244 miserebitur
317 1185 519 1244 adolescentis.
567 1187 666 1260 accipe
691 1186 934 1258 satisfactionem,
957 1187 1050 1243 amice
1073 1202 1121 1244 ea-

102 1275 227 1332 rissime.
279 1274 422 1334 mandata
456 1276 511 1332 tua
549 1293 705 1350 exsequar3
737 1276 857 1334 fortuna
891 1274 1012 1349 defecit,
1050 1291 1120 1349 opes

103 1362 292 1423 auferuntur:
322 1363 401 1439 quod
427 1383 521 1420 unum
547 1363 622 1421 mihi
648 1363 785 1423 relictum
813 1366 870 1437 est,
900 1382 949 1437 en,
978 1363 1123 1438 polliceor

102 1453 255 1526 patrituo
269 1452 396 1511 vicarias
415 1470 528 1511 manus.
571 1452 643 1526 quid
656 1454 702 1512 vis
715 1471 804 1528 porro
820 1449 949 1511 faciam?
991 1451 1121 1528 agrestia

103 1538 215 1614 opera?
252 1538 414 1614 delicatior,
433 1540 513 1616 quod
532 1560 550 1601 a
572 1541 693 1600 fortuna
711 1560 770 1600 non
789 1540 887 1599 didici.
929 1543 959 1598 et
978 1539 1121 1599 cotidiani

62 1648 88 1689 ιε
103 1631 243 1705 quaestus
274 1631 369 1704 operis
399 1629 512 1688 duobus
543 1629 696 1708 egentibus
725 1650 785 1688 non
815 1629 932 1689 sufficit.
980 1630 1121 1688 miserum

103 1737 163 1791 me,
193 1719 390 1777 siexsolvere
419 1716 508 1777 fidem
535 1720 670 1793 voluero,
700 1719 825 1779 fortasse
855 1717 930 1777 mihi
959 1720 991 1776 in
1017 1718 1121 1776 ludum

100 1806 308 1865 revertendum
331 1809 384 1866 est.

371 1967 406 2024 X.
431 1966 616 2027 Snrvncavn
638 1984 847 2028 ruosnrsrvu.

166 2088 380 2165 Armuacatusm
401 2109 428 2149 e.
441 2110 474 2166 p.
496 2093 568 2161 189,
588 2095 616 2150 3.

59 2200 86 2239 ro
112 2176 113 2182 ’
166 2179 274 2239 Infelix
306 2198 373 2258 ego,
406 2199 424 2238 o
455 2180 580 2255 iudices,
613 2199 688 2256 quae
723 2182 787 2240 sola
821 2181 954 2240 omnium
990 2183 1120 2240 matrum

100 2270 273 2328 miserrima
322 2271 355 2326 in
389 2287 448 2327 uno
477 2269 539 2329 filio
571 2272 633 2329 iam
663 2271 789 2329 alteram
818 2272 918 2346 patior
952 2269 1118 2329 orbitatem.

99 2356 230 2433 priorem
259 2358 406 2434 siquidem
431 2358 591 2418 orbitatem
624 2362 769 2435 tanquam
799 2377 984 2418 communem
1014 2360 1119 2418 ceteris

100 2447 131 2503 et
166 2446 229 2504 fato
269 2446 451 2505 accidentem
486 2451 647 2523 utcumque
687 2447 859 2507 tolerabam.
910 2467 980 2506 nam
1017 2451 1047 2506 et
1083 2445 1119 2504 de

99 2534 161 2591 filio
192 2534 267 2592 nihil
298 2535 379 2593 aliud
412 2537 600 2610 perdideram
633 2539 742 2596 misera
775 2538 834 2594 nisi
866 2536 941 2611 dies,
974 2555 1028 2594 nec
1057 2538 1119 2593 iam

58 2643 85 2684 rs
99 2622 243 2681 timebam
277 2623 357 2698 quod
389 2624 454 2699 ille,
487 2645 547 2701 quo
576 2625 697 2685 fruebar
726 2624 875 2701 noctibus,
904 2627 982 2684 mori
1010 2627 1117 2700 posset.

98 2730 177 2770 nunc
200 2713 300 2770 autem
323 2714 453 2787 tenetrr,
480 2733 517 2772 ne
548 2714 586 2772 ad
608 2716 734 2773 matrem
761 2714 861 2773 venire
884 2713 987 2791 possit.
1032 2716 1118 2773 nocte

99 2800 246 2877 siquidem
275 2802 307 2858 in
338 2803 447 2861 somnis
477 2803 641 2878 apparebat
675 2822 734 2861 non
761 2804 908 2877 diversus,
942 2803 993 2862 sed
1021 2802 1117 2878 qualis

98 2893 168 2949 ante
191 2891 303 2964 fuerat,
332 2891 457 2949 miserae
486 2894 577 2950 matri
607 2892 758 2968 amplexus
786 2894 816 2950 et
840 2892 941 2952 oscula
968 2891 1059 2950 dabat
1088 2895 1118 2950 et

99 2982 165 3038 tota
182 2982 268 3038 nocte
286 2979 415 3038 vivebat.
461 2981 590 3040 multum
607 2980 738 3056 perdidit
756 2984 859 3056 mater,
883 2982 909 3041 si
926 2979 1118 3058 contingebat

58 3087 86 3128 ao
100 3069 155 3127 hoc
177 3069 238 3143 illi,
265 3087 325 3127 non
348 3068 459 3143 minus,
483 3071 509 3128 si
531 3069 696 3128 videbatur.
741 3089 820 3129 nunc
847 3072 956 3129 misera
980 3070 1064 3147 luget
1086 3069 1117 3127 in

101 3155 147 3214 die
170 3156 265 3214 filium
287 3177 340 3216 nec
367 3159 400 3216 in
422 3161 508 3218 nocte
530 3157 662 3217 reficitur
689 3159 778 3218 solita
805 3160 926 3219 visione.
973 3159 1025 3218 sed
1046 3158 1117 3217 flen-

99 3244 180 3304 tibus
210 3246 302 3306 oculis
329 3246 413 3307 iuxta
436 3267 571 3307 somnum
601 3250 703 3307 mariti
724 3249 854 3326 pervigil
882 3251 983 3308 noctes
1013 3249 1117 3324 longas

98 3336 229 3393 metitur.
270 3354 348 3396 nunc
375 3339 491 3414 magico
517 3337 649 3396 inclusus
677 3339 708 3396 et
734 3339 933 3397 incarceratus
962 3340 1007 3396 est
1028 3337 1116 3395 ferro.

98 3441 152 3481 nec
183 3422 279 3483 solum
308 3424 340 3483 in
366 3426 423 3485 hoo
452 3428 602 3485 miseriam
632 3445 729 3485 meam
759 3446 866 3503 queror
895 3426 946 3486 sed
975 3427 1030 3485 filii
1065 3427 1117 3501 qui

173 3599 206 3648 12
226 3592 400 3648 aufforuntur
418 3603 451 3649 Ι
520 3601 553 3650 32
572 3595 696 3666 porrigit
713 3604 746 3650 Ι
814 3595 938 3666 longuae
959 3605 989 3648 u

914 3681 974 3735 *ab*
