2430 3952
146 198 190 262 34
483 195 618 252 cuncus
636 196 676 250 ru
694 195 821 251 annun

147 365 300 425 sufficiunt
326 366 441 424 facinus
468 366 584 425 facturo
612 365 699 424 solae.
720 366 929 442 cogitationes,
958 368 988 429 et
1014 366 1067 429 vix
1093 369 1164 427 tam

146 455 243 513 multa
265 454 377 531 pariter
400 454 514 514 sciretis
537 453 624 513 oculi.
668 453 845 531 perfidem,
872 454 996 531 iudices,
1023 455 1063 517 ab
1086 457 1163 517 utro

147 543 315 603 credibilius
335 545 380 602 est
397 545 526 603 occisum
545 561 657 602 senem:
676 562 693 602 a
712 561 838 603 noverca
856 561 933 619 quae
945 545 1111 621 prospexit,
1126 547 1164 604 ut

147 637 178 692 et
201 633 278 691 alius
300 632 395 710 possit
417 650 479 691 esse
503 634 669 709 suspectus,
696 651 735 691 an
758 650 776 690 a
798 633 906 692 iuvene
928 632 1013 695 cuius
1040 633 1163 696 invidia

145 721 295 799 periturus
319 723 371 796 est,
395 723 485 781 etiam
508 721 650 780 utillum
672 721 750 779 alius
773 718 911 781 occidat?
1044 730 1046 733 ’
1170 742 1202 783 rs

133 864 135 868 ,
212 810 373 870 Intuemini
395 809 571 887 perfidem,
593 809 714 883 iudices,
737 810 944 885 procedentem
965 809 1159 887 parricidam.

147 918 220 975 quos
252 918 312 958 non
347 901 406 958 ista
437 898 566 976 vestigia
601 899 743 975 frangant
778 901 976 974 rumpantque
1013 898 1161 963 somnos?

132 989 275 1065 uestigia
292 988 380 1066 plura
399 1005 514 1062 semper
532 987 695 1046 errantium
713 1006 789 1063 quae
808 1007 868 1047 non
885 988 988 1048 vadent
1005 989 1161 1065 suspensis

147 1077 433 1153 praetemptatisque
465 1075 613 1152 gressibus
645 1077 754 1135 librare
786 1084 915 1151 corpus,'
938 1079 969 1137 et
1000 1077 1071 1153 quia
1106 1078 1162 1137 diu

147 1167 364 1240 continueris,
387 1165 526 1223 nutantia
548 1183 665 1224 necesse
688 1167 733 1225 est
756 1167 877 1241 gravius
898 1169 1037 1243 premant
1060 1167 1161 1225 solum
1176 1187 1203 1232 ro

148 1254 195 1313 cui
218 1253 412 1313 crediderunt.
459 1256 570 1329 quanto
594 1274 629 1312 ex
650 1254 707 1312 hoc
729 1254 796 1329 plus
820 1254 948 1330 accipiat
969 1273 1087 1316 necesse
1114 1259 1162 1315 est

146 1344 200 1401 illa
232 1344 370 1402 nocturni
400 1342 514 1402 silentii
546 1343 630 1418 quies
663 1343 742 1418 quod
774 1343 953 1403 ambulantis
990 1343 1070 1403 caeci
1103 1363 1160 1404 nec

146 1451 252 1492 manus
275 1434 391 1491 cessant
412 1433 647 1509 praemittuntur
669 1432 825 1508 explorant
847 1434 878 1491 et
903 1433 1004 1491 adesse
1027 1451 1057 1492 se
1080 1453 1160 1496 nun-

145 1519 243 1580 tiant?
265 1521 328 1596 illa,
345 1541 398 1598 per
416 1540 492 1597 quae
512 1521 680 1597 complexus
698 1521 829 1596 veniunt,
848 1519 971 1598 (nescit,
986 1517 1074 1599 cum>
1094 1542 1158 1584 non

146 1613 206 1669 sint
223 1610 256 1669 in
273 1612 421 1686 potestate
439 1611 526 1685 caeci,
546 1629 605 1685 qua
622 1612 686 1669 toto
706 1628 736 1668 se
755 1610 887 1672 fateatur
904 1611 1040 1687 strepitu,
1067 1611 1165 1688 *quic*
1176 1633 1201 1677 u

146 1700 218 1775 quid
241 1700 381 1773 occmrit,
403 1718 591 1775 nequaquam
614 1701 713 1775 potest
735 1699 847 1759 evitare
870 1700 1010 1773 caecitas,
1033 1700 1096 1764 nisi.
1114 1701 1158 1766 of-

146 1789 238 1847 fensa.
274 1790 310 1847 ut
332 1787 492 1863 ambulare,
515 1790 549 1846 ut
571 1787 687 1864 ingredi
705 1791 791 1848 nocte
813 1788 968 1866 possimus,
991 1789 1054 1848 dies
1072 1789 1159 1849 facit.

95 1875 130 1932 17
212 1875 308 1945 Quam
334 1877 431 1935 multa
458 1877 563 1935 deinde
591 1878 761 1952 supersunt,
790 1881 950 1953 postquam
973 1878 1011 1937 ad
1037 1880 1159 1954 patrem

145 1968 320 2041 perventum
343 1963 408 2024 est?
454 1965 622 2040 exploretur
644 1983 761 2023 necesse
791 1969 836 2026 est
857 1966 970 2042 pariter
991 1967 1159 2027 iacentium

145 2055 242 2129 prima
264 2053 430 2128 diversitas
452 2055 563 2128 vultus,
586 2072 639 2112 ora
660 2057 835 2130 tractentur,
858 2056 1053 2115 detrahantur
1074 2058 1159 2117 vela·
1173 2078 1199 2120 ec

146 2145 247 2201 menta
271 2142 450 2218 corporibus,
474 2144 634 2217 quaeratur
655 2144 771 2202 vulneri
793 2144 882 2203 locus.
919 2147 964 2202 ita
987 2164 1022 2205 ex
1040 2144 1159 2207 duobus

146 2233 284 2289 neutrum
311 2229 440 2290 excitat?
485 2231 605 2308 gravior
632 2250 747 2307 semper
774 2233 910 2291 dexterae
937 2235 1084 2293 tractatus
1113 2255 1159 2295 er·

146 2321 250 2380 rantis.
286 2319 433 2396 paulatim
452 2320 556 2379 deinde
575 2321 776 2380 admovendus
795 2326 840 2381 est
857 2323 971 2398 pectori
989 2341 1102 2399 mucro,
1128 2329 1160 2387 et

146 2429 182 2468 ne
206 2429 266 2485 qua
288 2409 487 2468 confundatur
513 2409 684 2486 ignorantia
706 2411 832 2469 nimium
854 2411 931 2471 iiber
951 2414 1042 2486 ictus,
1069 2433 1158 2489 prae

130 2499 231 2557 cedat
250 2501 369 2575 oportet
387 2499 521 2575 gladium
538 2517 651 2558 manus.
688 2493 766 2558 unde
788 2502 908 2559 tantum
926 2501 1035 2560 virium
1058 2520 1160 2578 caec0,·
1172 2523 1197 2567 ro

145 2590 180 2647 ut
207 2589 239 2646 in
266 2606 325 2646 uno
353 2588 455 2647 statim
483 2588 546 2647 ictu
573 2606 664 2649 mors.
684 2590 749 2648 tota
780 2588 962 2667 peragatur?
1006 2590 1159 2655 incertum

217 2852 231 2898 1
251 2845 298 2898 rix
316 2862 349 2899 eu
366 2845 415 2898 iux
431 2854 491 2898 ΒΜ
506 2849 583 2915 (corr.
598 2867 630 2898 m
647 2852 679 2900 at
696 2845 769 2900 uidet
758 2848 813 2916 twr)
867 2854 882 2900 2
902 2850 965 2901 utro
983 2865 1017 2902 ec
1034 2844 1158 2918 utroque

145 2926 169 2969 1
220 2922 285 2969 3a:
305 2919 388 2980 autc
450 2921 514 2972 4a·
534 2917 622 2971 ants
684 2917 803 2972 invidia:
822 2918 918 2972 invida
937 2929 965 2972 P
1023 2919 1156 2989 8plura·

146 3004 285 3059 duraBu
341 3021 424 3073 quae:
445 3006 520 3088 quod
538 3027 570 3058 m
641 2989 743 3059 aquia
761 3009 791 3076 (q
808 3024 882 3076 supr.
898 3011 925 3078 Β)
943 3017 971 3061 Β
1043 3014 1075 3063 11
1096 3026 1158 3064 cre-

146 3075 277 3129 diderunt
300 3097 329 3130 a:
353 3076 409 3129 -int
431 3089 483 3141 eye
559 3087 592 3132 ex
614 3076 667 3131 boc
690 3080 804 3146 quanto
819 3087 851 3132 Β
923 3079 976 3133 boe
998 3078 1075 3148 plus
1100 3081 1158 3138 hoc

145 3147 245 3201 turbae
266 3146 330 3216 plus
355 3160 383 3213 ες
408 3148 461 3202 hoc
485 3148 616 3216 strepitus
639 3148 702 3216 plus
725 3150 883 3205 dubitanter
900 3152 938 3205 H.
1018 3151 1156 3220 accipiat:

146 3217 250 3286 ccipiat
267 3228 289 3269 V
374 3225 406 3271 13
425 3219 655 3287 praemittuntur:
673 3221 859 3288 praemittunt
876 3231 929 3275 BV
1015 3227 1048 3276 14
1066 3238 1156 3290 quac·

146 3303 268 3357 quams
357 3290 447 3343 nescit
469 3308 532 3345 cum
555 3290 620 3345 aud
638 3292 716 3346 Desa.
731 3309 761 3361 p.
777 3297 816 3346 86
905 3297 937 3345 16
962 3293 1011 3347 sit:
1037 3293 1070 3348 fit
1076 3315 1157 3367 7⁸⁹3

145 3362 250 3415 sante
338 3365 371 3415 22
395 3364 537 3415 neutrum:
563 3377 598 3414 nc
621 3363 714 3417 utrum
732 3373 770 3430 Β,
796 3364 935 3417 neminem
957 3374 989 3431 Β,
1014 3366 1048 3431 of.
1068 3386 1101 3418 m
1124 3367 1159 3421 in

145 3431 651 3558 fflibnddselnneubdnboiifiiiiddtbi·
659 3436 754 3559 pdirriis
763 3506 817 3559 dar
802 3406 1084 3575 ddacdebbmdddildbb
1091 3437 1159 3580 livtdb

145 3583 184 3640 Β,
204 3576 235 3628 ia
253 3591 338 3646 rnurp
357 3586 427 3642 ΒΒ;
448 3574 653 3628 confundantur
671 3578 705 3645 (n
718 3593 777 3646 cup.
791 3580 860 3647 Μ)
