2430 3952
134 189 199 254 216
350 188 458 244 DIVES
477 187 685 244 ACCVSATVS
704 188 936 244 PRODITIONIS

135 358 276 434 explicito
298 358 377 417 bello
400 359 601 417 revertuntur!
647 377 706 417 non
728 379 776 416 me
799 358 896 417 laetae
919 360 1036 418 cinxere
1061 360 1157 438 legio-

135 465 196 521 nes,
219 466 279 505 non
303 447 388 505 effusi
411 447 530 506 obviam
549 447 627 507 cives
650 438 826 523 triumphali
850 446 928 506 circa
946 465 1051 506 curnis
1071 467 1156 509 meos

137 536 306 595 exultavere
329 536 456 610 laetitia,
482 536 626 611 sequebar
649 538 782 612 captivos
805 554 886 596 meos
908 537 1024 595 tristior
1048 536 1157 614 victor,

136 627 267 684 maestus
286 625 416 700 undique
432 624 590 684 claudebat
604 626 757 699 exercitus,
776 625 991 684 occurrentium
1009 625 1157 686 lacrimae

136 715 370 790 propinquorum
394 716 424 772 et
447 714 644 773 erubescentis
668 715 746 773 circa
768 733 815 772 me
843 715 948 791 populi
975 715 1085 774 timida
1110 734 1156 775 so·
1181 736 1191 776 s

136 803 222 862 lacia.
268 821 285 860 o
313 821 499 862 successuum
527 822 644 878 quoque
672 806 839 862 nostrorum
867 805 976 863 misera
1003 804 1156 863 condicio!

137 911 206 969 ergo
234 911 288 969 ego
312 892 468 950 victoriam
496 910 593 950 meam
620 911 680 951 non
707 892 834 951 narrabo
861 894 924 951 sine
951 892 1037 968 fletu,
1066 913 1157 953 nemo

137 983 300 1040 amicorum
327 982 622 1057 propinquo1umque
649 1000 748 1040 coram
775 1001 823 1040 me
850 982 886 1039 de
913 981 991 1040 bello
1014 1001 1082 1040 meo
1112 983 1156 1042 lo-

84 1068 120 1124 11
138 1072 252 1145 quetun
298 1070 374 1127 nihil
402 1072 447 1128 est
474 1069 620 1128 crudelius
649 1070 820 1129 calamitate
849 1089 938 1145 quam
968 1070 1082 1148 gaudia
1109 1091 1157 1130 re-

137 1158 257 1217 ducunt.
304 1158 440 1232 quotiens
471 1158 594 1216 redierit
625 1159 676 1216 ille
708 1160 804 1218 laetus
831 1158 915 1218 vobis
941 1161 974 1217 in
1002 1161 1193 1237 suppliciam

137 1265 204 1305 mea
236 1247 311 1321 dies,
343 1247 483 1324 lugubres
513 1248 589 1305 mihi
620 1249 696 1307 ferte
727 1249 836 1322 vestes,
867 1250 1007 1306 renovate
1040 1250 1158 1308 servuli

137 1335 288 1412 planctus,
316 1339 420 1412 parate
443 1337 553 1395 solacia
576 1339 745 1413 propinqui.
790 1337 867 1394 nulli
894 1336 981 1395 liberi
1002 1339 1156 1413 inpatien-

137 1427 197 1484 tius
217 1424 422 1484 desiderantur
442 1444 531 1500 quam
550 1428 602 1501 qui
620 1429 742 1502 propter
762 1428 879 1502 patrem
896 1426 1036 1484 videntur
1055 1429 1156 1487 occisi.

206 1512 263 1571 Sed
285 1533 401 1589 verum,
429 1514 554 1589 iudices,
581 1515 737 1573 fatendum
760 1518 817 1590 est,
845 1517 936 1573 timeo
960 1514 1156 1593 mehercules

137 1623 174 1661 ne
197 1621 253 1679 par
276 1604 393 1662 solaciis
416 1606 489 1662 meis
513 1623 572 1662 non
595 1606 660 1679 sim,
683 1623 720 1662 ne
743 1623 789 1662 me
812 1606 869 1662 iste
891 1623 949 1679 quo
972 1623 1026 1680 pro
1049 1605 1156 1666 liberis
1171 1625 1193 1666 ro

137 1694 257 1765 irascor,
283 1692 405 1751 affectus
428 1693 459 1749 in
482 1691 581 1751 media
603 1694 716 1751 ultione
740 1693 892 1751 destituat.
929 1693 980 1751 sed
1003 1693 1157 1771 adiuvate,

137 1781 318 1840 miseremini
335 1781 505 1856 propinqui,
529 1781 669 1841 adiuvate
688 1782 785 1853 amici,
807 1785 845 1857 et,
869 1781 895 1840 si
913 1781 989 1840 forte
1009 1782 1157 1859 defecero,

137 1872 172 1928 tn
194 1870 339 1928 ultionem
362 1889 467 1944 meam,
490 1871 607 1946 popule,
631 1888 811 1930 consumma.
847 1873 938 1929 timeo
961 1870 1156 1948 meherculeS,

138 1976 188 2032 ne,
221 1977 288 2017 cum
315 1958 446 2017 carnifex
472 1961 594 2034 propius
623 1959 791 2034 accesserit,
827 1959 925 2018 subito
956 1960 1155 2035 proclamem:

140 2041 213 2104 ‘iam
235 2047 314 2105 malo
337 2043 474 2122 patrem?
513 2048 572 2122 sed,
596 2050 621 2106 si
640 2049 706 2124 quis
730 2051 775 2108 est
797 2049 903 2123 pudor,
926 2048 1013 2122 oculi,
1036 2049 1157 2110 differte
1170 2070 1193 2110 ao

139 2135 291 2210 lacrimas,
317 2135 396 2194 abite
420 2138 561 2213 gemituS,
583 2137 750 2212 horridum,
776 2140 890 2196 trucem
913 2137 1003 2195 debeo
1026 2157 1157 2216 praepa-

139 2242 205 2282 rare
229 2228 259 2283 et
281 2224 429 2283 miserum.
466 2225 696 2302 deprehendam,
721 2228 852 2284 omnium
874 2226 1047 2284 mortalium
1070 2229 1157 2287 calli-

140 2313 267 2390 dissime,
285 2315 364 2372 huno
383 2334 470 2390 quem
489 2316 620 2393 simulaS,
635 2334 723 2390 quem
742 2334 820 2374 nunc
837 2315 974 2390 imitaris,
994 2315 1156 2376 adfectum.

138 2406 210 2461 tunc
237 2402 361 2462 sciemus
385 2422 443 2478 quo
471 2404 570 2462 animo
593 2404 758 2482 rogaveris,
785 2407 821 2462 ut
843 2405 943 2480 potius
970 2404 1034 2480 ipse
1057 2424 1155 2465 more·

212 2578 245 2626 18
264 2574 297 2640 cf.
313 2571 420 2626 POMP.
431 2589 547 2642 gramm.
557 2573 583 2626 V
594 2579 653 2641 186,
664 2579 697 2627 31
718 2573 908 2638 Quintilianus
922 2574 951 2626 in
967 2574 1157 2630 controversia

140 2661 191 2698 sua
210 2661 225 2698 0
245 2644 373 2713 popule
393 2645 464 2698 dixit
482 2646 557 2713 quod
576 2662 632 2698 non
651 2647 745 2714 potest
759 2646 823 2699 dici.
853 2646 922 2714 quid
935 2647 995 2699 tam
1010 2645 1086 2699 enim
1101 2647 1156 2700 ari-

140 2715 215 2781 dum,
235 2716 303 2784 quid
318 2717 376 2769 tam
392 2717 544 2769 absurdum
559 2733 643 2786 quam
662 2717 716 2772 hoc
730 2716 841 2771 dicere?
865 2719 912 2771 sed
929 2733 997 2770 aum
1006 2717 1157 2786 Pompeius

28 2792 42 2851 ff
139 2787 212 2840 banc
231 2787 318 2841 locam
336 2788 531 2857 eipaificaoerit
548 2789 650 2842 diabilo.
684 2790 718 2856 cf.
734 2789 798 2842 decl.
813 2790 879 2844 ocio.
895 2793 950 2843 302
967 2789 1155 2857 p.192,3R.

141 2863 166 2911 et
185 2858 283 2924 attor,
302 2857 346 2911 die
360 2859 604 2926 quintiliooisclwo
618 2860 843 2914 Declamatiooeu
858 2878 886 2928 p.
902 2864 958 2913 210
976 2864 1001 2913 et
1017 2863 1073 2913 253
1089 2862 1154 2915 ada.

214 3023 228 3069 1
248 3017 374 3071 cinoxcre
392 3028 420 3071 B
485 3019 645 3086 lundique
663 3020 786 3072 maestus
805 3028 838 3071 Μ
902 3024 917 3071 ὁ
936 3018 1055 3089 populi}
1071 3020 1156 3088 (5-6

141 3139 192 3193 litt.
208 3141 254 3208 er.)
269 3150 301 3194 Μ
351 3143 461 3197 tumida
480 3156 500 3196 o
551 3149 641 3212 8que
655 3155 735 3206 croc
789 3089 863 3196 odio
882 3152 910 3195 B
962 3145 1041 3202 9est
1059 3160 1109 3198 one.
1126 3152 1159 3196 Μ

143 3215 176 3264 15
196 3228 256 3263 sum
275 3221 303 3264 B
390 3231 440 3282 pro
460 3228 549 3284 quos
637 3213 733 3268 liberis
751 3213 821 3266 meis
839 3223 860 3265 V
946 3220 979 3266 16
1003 3215 1155 3284 adiuvate

142 3283 170 3350 (3
183 3281 225 3336 ecl
238 3286 255 3334 4
274 3284 324 3337 litt.
340 3286 387 3354 er.)
401 3295 429 3338 B
483 3291 514 3340 18
534 3302 667 3340 consume
682 3293 710 3339 B
763 3288 796 3337 19
815 3284 985 3352 proclamem
1004 3303 1037 3339 ex
1056 3288 1115 3339 -am
1129 3296 1157 3339 B

142 3357 176 3407 10
195 3352 253 3405 iam
271 3369 352 3419 emp
424 3362 456 3410 11
478 3362 542 3424 post
559 3359 665 3411 trucem
684 3354 748 3409 add.
767 3354 857 3408 habeo
876 3365 909 3422 Ρ,
929 3356 979 3409 del.
994 3374 1066 3410 mon.
1083 3361 1101 3410 3

142 3440 323 3494 praeparare:
343 3442 388 3480 me
406 3444 506 3496 parare
525 3429 580 3482 Ba.
672 3432 704 3480 11
729 3426 769 3479 et:
789 3428 822 3479 ut
839 3435 860 3479 V
940 3432 1004 3495 post
1021 3428 1156 3483 miserum

141 3495 205 3550 odd.
227 3496 382 3565 deprimere
401 3500 478 3553 Deos.
553 3497 780 3568 deprehendet!
849 3502 882 3550 13
907 3497 931 3549 si
949 3497 1038 3551 malas
1057 3508 1085 3551 B

141 3567 259 3620 mutaris
277 3577 305 3620 B
376 3575 409 3622 14
427 3551 595 3646 mortarisV
