2430 3952
440 223 675 280 DacLAMATIO
694 225 732 279 lx
751 232 828 279 s-a.
1076 226 1138 290 111

123 397 155 453 et
182 394 302 452 vincula
332 395 429 452 macie
461 393 569 454 laxavi
615 396 682 470 quis
712 413 772 453 non
804 395 970 472 ignosceret
1002 395 1139 455 omnibus

122 484 178 558 qui
199 485 267 558 post
293 483 349 543 boc
373 484 539 557 exemplum
565 485 708 561 navigare
736 481 926 542 timuissent?
972 503 1055 562 crgo,
1079 503 1140 560 qua

123 591 184 630 una
206 589 258 648 spe
280 573 389 631 misera
411 572 587 630 trahebatur
609 575 717 647 anima,
741 572 858 631 litteras
882 572 917 630 de
935 572 1138 648 redemptione

123 661 229 736 scripsi
251 662 340 736 patri,
363 662 458 719 testor
481 660 560 735 deos,
584 662 648 720 soli.
691 661 763 737 quid
786 663 866 719 enim
889 662 999 720 sentire
1021 661 1139 721 viderer

95 750 160 810 ode
177 751 310 825 parentis
330 749 457 823 adfectu,
480 751 507 808 si
528 749 584 809 hoc
607 751 750 808 incolumi
768 750 1002 826 redemptionem
1021 750 1058 808 ab
1078 751 1137 810 alio

123 836 316 914 petivissem?
351 857 422 896 nam
444 839 524 914 quod
546 859 639 897 unum
661 840 737 897 mihi
755 839 916 898 seeundum
937 842 1055 914 patrem
1077 840 1138 898 for·

122 930 196 985 tuna
225 927 383 986 videbatur
413 945 534 1003 parasse
566 927 762 1003 praesidium,
793 928 850 986 hoc
877 946 996 1003 sperare
1024 929 1056 986 in
1083 928 1138 987 illa

122 1017 200 1076 forte
226 1035 285 1074 non
312 1019 456 1092 poteram.
503 1016 576 1092 quid
604 1016 752 1076 attinebat
775 1018 870 1075 amico
899 1017 1025 1076 scribere
1050 1036 1138 1092 quem
1174 1092 1177 1098 Ι

121 1105 251 1164 sciebam
273 1124 333 1165 non
364 1105 474 1164 habere
505 1105 583 1164 unde
614 1103 794 1164 redimeret?
839 1125 1028 1181 nunquamne
1060 1106 1173 1164 mihib

81 1214 108 1254 10
122 1194 242 1253 dabitur
260 1194 387 1254 liberum
404 1197 522 1269 tempus
541 1194 740 1270 conquerendi
758 1194 837 1270 apud
851 1197 968 1270 patrem
983 1195 1019 1254 de
1034 1196 1137 1254 amicis

122 1285 184 1342 suis
207 1285 261 1358 qui
283 1283 431 1358 proficisci
453 1283 602 1342 volentem
624 1285 753 1342 retinere
775 1286 970 1359 temptarunt,
993 1285 1046 1360 qui
1068 1286 1137 1359 piae

122 1372 310 1431 festinationi
337 1373 504 1431 attulerunt
529 1370 649 1431 moras?
693 1373 844 1448 profectus
868 1374 944 1431 esset
966 1375 1067 1431 tamen
1089 1373 1138 1431 vel

121 1460 226 1520 invitis
249 1461 394 1536 omnibus,
418 1462 484 1536 quis
508 1461 587 1519 enim
609 1462 665 1520 hoc
686 1481 745 1519 non
768 1463 935 1537 praestaret
957 1460 1019 1520 filio
1041 1464 1137 1537 pater,

121 1550 180 1609 nisi
208 1550 287 1626 quod
314 1551 436 1608 interim
464 1551 575 1608 amicus
599 1551 765 1609 antecessit.
810 1550 897 1607 illum
920 1569 979 1608 non
1004 1551 1136 1626 pericula

82 1659 108 1699 11
121 1640 222 1713 maris,
245 1658 305 1698 non
323 1639 426 1698 infesti
448 1638 614 1698 latronibus
633 1640 724 1713 sinus,
746 1658 807 1697 non
824 1639 957 1697 vicinum
975 1657 1059 1698 meae
1076 1640 1136 1697 for-

121 1731 213 1786 tunae
231 1728 440 1787 documentum
458 1727 619 1803 prohibuit.
656 1729 755 1786 minus
773 1728 846 1786 haee
862 1729 955 1785 miror
973 1727 1009 1785 de
1028 1727 1136 1803 amico;

44 1844 46 1846 ·
121 1817 198 1875 illud
221 1820 266 1875 est
288 1817 368 1893 quod
389 1819 510 1892 pensari
531 1817 623 1876 nullis
645 1816 794 1876 beneficiis
817 1818 925 1892 possit:
950 1816 1136 1892 proficiscen-

121 1908 183 1965 tem
205 1925 265 1964 non
286 1906 413 1965 retinuit
437 1908 532 1982 pater,
558 1907 665 1979 immo,
693 1905 814 1981 siquid
840 1907 872 1964 in
901 1905 1032 1964 subsidia
1055 1905 1135 1964 vitae

122 1996 293 2071 seposuerat
319 2014 411 2071 parca
433 1996 606 2073 frugalitas,
629 1995 661 2053 id
684 2013 770 2053 omne
792 1995 825 2052 in
847 1996 995 2070 impensas
1018 1996 1135 2054 itineris

80 2104 108 2144 ao
122 2085 271 2143 contraxit
298 2086 328 2142 et
355 2084 490 2143 contulit.
536 2083 739 2143 infelicissime
767 2101 868 2157 senex,
895 2085 937 2142 sic
960 2103 1045 2161 egere
1071 2102 1135 2143 coe·

120 2174 202 2248 pisti.
244 2173 341 2231 dicam
364 2191 442 2231 nunc
465 2191 529 2251 ego,
551 2193 604 2249 per
627 2192 700 2248 quos
723 2174 838 2231 iuvenis
861 2174 1135 2248 praestantissimus

121 2263 310 2340 navigaverit
327 2261 443 2336 fluctus,
458 2281 532 2338 quos
551 2263 707 2321 accesserit
721 2263 866 2338 scopulos,
885 2264 1012 2338 quantos
1026 2263 1135 2322 lustra-

120 2353 199 2410 verit
223 2349 325 2410 sinus?
355 2351 507 2411 ⁴faciliora
532 2352 593 2410 ista
619 2353 729 2426 putant
752 2353 805 2426 qui
831 2370 985 2426 nunquam
1011 2353 1134 2429 naviga·

121 2441 234 2499 verunt.
281 2440 313 2496 in
339 2442 439 2498 omnia
466 2458 606 2516 praeceps
635 2442 698 2499 sine
724 2443 862 2516 respectu
889 2441 936 2499 sui
959 2459 1047 2516 quem
1073 2441 1135 2499 iam

79 2549 107 2588 as
121 2531 186 2588 tum
209 2529 373 2605 apparebat
390 2530 471 2588 vitae
494 2549 554 2588 non
577 2548 706 2605 parcere,
730 2529 814 2603 adiit,
838 2529 1013 2604 exploravit,
1037 2532 1067 2587 et
1088 2531 1136 2587 ta-

120 2637 189 2678 men
211 2619 263 2677 ille
283 2636 399 2694 quoque
418 2619 470 2694 qui
493 2620 578 2677 tanto
598 2637 685 2694 opere
708 2617 878 2692 festinabat,
902 2635 966 2676 sero
989 2618 1134 2693 pervenit

186 2706 307 2782 Audite,
331 2707 440 2782 audite,
462 2707 583 2781 iudices,
606 2725 714 2766 novam
737 2708 849 2782 captivi
872 2706 1031 2780 querelam.
1072 2707 1134 2763 iam

120 2797 210 2855 miser
242 2795 322 2871 apud
353 2798 466 2872 piratas
498 2816 558 2854 non
590 2815 678 2856 eram.
726 2795 825 2854 alebat
857 2795 996 2853 devotum
1028 2813 1133 2871 corpus

121 2885 242 2962 gravior
262 2886 344 2943 omni
366 2886 445 2944 fame
464 2886 577 2964 sagina,
601 2888 630 2944 et
652 2886 731 2943 inter
749 2884 850 2943 debita
868 2902 962 2943 noxae
984 2885 1135 2960 mancipia

193 3131 309 3195 aergo:
328 3125 372 3180 vel
391 3141 443 3194 ego
460 3146 492 3178 m
578 3123 685 3194 moli}
702 3133 730 3177 Β
748 3127 770 3193 (s
789 3127 836 3194 cr.)
922 3124 1090 3178 tincolomi
1108 3133 1136 3177 Β

122 3196 299 3251 dfertunam
316 3206 345 3249 Β
408 3201 440 3250 10
459 3195 642 3262 conquirendi
661 3205 698 3262 Β,
717 3212 785 3250 corr.
799 3217 831 3248 m
896 3201 928 3249 13
946 3195 1000 3250 hoc
1018 3211 1074 3249 non
1092 3205 1133 3248 B:

121 3285 177 3322 non
190 3269 244 3322 hoc
262 3269 363 3337 reliqui
380 3270 447 3338 (non
460 3269 492 3321 111
504 3284 559 3322 ras.
575 3272 672 3336 etpost
685 3266 739 3320 hoc
751 3284 806 3322 ras.
822 3269 862 3336 Β)
916 3270 998 3336 pater
1011 3266 1070 3320 filio
1089 3275 1137 3331 cM

123 3343 302 3461 14³¹&oeOEst
324 3403 345 3445 V
405 3397 439 3446 15
457 3391 560 3445 infesto
579 3403 594 3454 ρ
655 3396 688 3444 18
708 3390 834 3444 subsidia
852 3408 886 3445 ccc
904 3391 1036 3445 subdidia
1054 3399 1082 3443 Β

122 3469 155 3518 19
174 3479 260 3533 parca
278 3473 381 3531 11111111,
400 3481 521 3532 cupam
584 3461 613 3515 in
632 3479 682 3517 om.
697 3471 757 3515 ΒΜ
771 3463 845 3530 (add.
860 3466 902 3532 m)
961 3460 1135 3515 2011111111-

121 3536 233 3591 cissime
252 3544 280 3587 P
340 3541 374 3588 26
393 3536 574 3603 tantoperer
636 3538 669 3586 27
690 3533 870 3602 quaerlelam
884 3542 912 3586 Β
969 3538 1002 3586 28
1023 3532 1134 3586 alebam

121 3617 160 3675 B;
180 3606 342 3672 11θῦ8111111
411 3611 444 3659 29
464 3604 573 3659 debita:
593 3604 673 3658 debit
691 3620 725 3657 ex
744 3614 787 3672 1113
805 3604 908 3658 dedita
926 3605 1024 3657 Locos
