2430 3952
391 218 625 290 nncnnunrro
643 220 808 274 run-15.
1063 221 1106 284 53

100 389 217 447 brevem
241 390 346 448 saltem
369 389 552 466 frugalitatis
575 389 704 463 perferet
726 390 956 464 simulationem,
980 409 1016 448 ne
1034 389 1107 448 haec

100 478 186 537 illum
208 478 304 537 facere
326 478 436 537 milites
459 474 576 536 sciant?

166 567 231 645 Age
253 586 355 642 porro,
383 568 408 626 si
431 568 545 625 viveret
567 566 717 640 tribunus,
742 570 772 625 et
793 567 849 626 hoc
872 567 910 624 ad
932 570 962 626 te
985 565 1160 642 factum,14

100 658 270 732 imperator,
304 656 496 729 deferremus,
533 656 737 715 circumstaret
768 657 922 715 universus
955 657 1108 730 exercitus,

75 763 155 804 tneo
176 745 253 804 hano
274 746 380 803 militis
404 745 626 818 contumeliam,
654 744 705 803 sed
727 745 853 803 militiae
875 747 1008 820 putaret,
1036 744 1108 820 quid

102 831 223 911 ageres?
260 834 332 909 quid
369 831 584 892 constitueres?
627 832 801 892 beneficium
833 835 986 909 accepisti,
1022 834 1107 908 Mari,

100 922 286 982 beneficium:
310 941 370 982 non
392 922 482 982 habes
501 941 617 982 necesse
640 924 841 998 propinquum
862 925 949 981 tuum
968 921 1108 981 occidere.

101 1031 171 1071 nam
202 1013 229 1071 si
255 1031 322 1071 vere
355 1013 557 1085 aestimemus,
589 1012 747 1087 imperium
778 1012 882 1088 populi
914 1010 1040 1069 Romani
1070 1011 1109 1069 ad

101 1102 177 1159 hano
200 1100 278 1158 diem
301 1101 428 1159 militari
451 1100 609 1175 disciplina
632 1101 722 1159 stetit.
764 1119 823 1159 non
847 1102 925 1158 enim
948 1101 1032 1159 nobis
1055 1103 1109 1158 aut

60 1210 86 1249 1o
100 1189 262 1248 multitudo
285 1191 380 1249 maior
403 1191 448 1248 est
470 1208 560 1265 quarn
583 1190 686 1248 ceteris
710 1189 855 1266 gentibus,
879 1192 932 1248 aut
954 1189 1108 1248 vehemen-

99 1280 180 1337 tiora
198 1291 322 1352 corpora
341 1298 430 1355 quarn
448 1279 496 1336 vel
513 1279 560 1337 his
580 1297 644 1337 ecce
664 1277 799 1352 Cimbris,
822 1281 875 1336 aut
893 1279 1019 1338 maiores
1039 1297 1108 1354 opes

101 1386 191 1443 quam
213 1367 453 1441 locupletissimis
471 1368 570 1444 regnis
590 1369 642 1425 aut
659 1368 764 1425 mortis
784 1370 968 1443 contemptus
991 1368 1109 1429 facilior

102 1475 192 1531 quam
222 1457 371 1533 plerisque
402 1456 537 1515 barbaris
570 1474 690 1514 oausam
721 1457 802 1514 vitae
833 1476 892 1514 non
923 1456 1107 1514 habentibus.
1194 1466 1197 1473 ’

101 1546 248 1622 principes
276 1564 329 1604 nos
356 1546 430 1603 facit
458 1546 599 1604 severitas
626 1546 845 1617 institutorum,
874 1544 945 1603 ordo
973 1545 1110 1617 militiae,

60 1655 87 1695 15
102 1652 185 1693 amor
212 1633 334 1711 quidam
360 1634 484 1707 laboris,
512 1635 542 1692 et
570 1632 720 1692 cotidiana
748 1635 958 1691 exercitatione
991 1633 1110 1692 assidua

101 1722 173 1781 belli
195 1723 359 1783 meditatio.
396 1724 499 1799 itaque
516 1722 605 1797 plura
624 1740 719 1797 paene
737 1722 869 1781 moribus
888 1740 978 1797 quam
996 1721 1109 1781 viribus
1134 1712 1154 1727 ⁶

101 1813 235 1887 vicimus,
259 1831 326 1871 oum
349 1813 485 1888 captivae
509 1829 625 1887 quoque
649 1812 749 1870 sancte
772 1810 965 1885 habebantur,
989 1813 1019 1869 et
1042 1829 1110 1869 con-

100 1902 224 1960 tumelia
253 1903 344 1960 etiam
366 1902 446 1961 hosti
469 1900 579 1960 aberat.
626 1919 702 1976 quae
725 1901 824 1958 omnia
851 1900 941 1976 longa
967 1899 1109 1974 superbae

101 1990 268 2049 nobilitatis
290 1991 460 2049 intermissa
487 1991 604 2048 luxuria
636 1991 682 2047 tui
709 1989 793 2048 nobis
816 2007 911 2048 mores
934 1989 1108 2048 retulerunt.

60 2100 87 2139 ao
102 2079 133 2137 di
155 2079 289 2155 profecto
311 2078 548 2156 magnitudinem
570 2081 654 2136 tuam
677 2080 790 2151 curant,
814 2079 984 2153 imperator,
1009 2097 1042 2136 ac
1066 2059 1161 2136 di-15

101 2170 204 2245 rigunt
228 2169 279 2243 qui
305 2167 363 2226 tibi
390 2188 477 2243 super
505 2169 617 2226 ceteras
644 2166 745 2226 laudes
776 2166 947 2238 obtulerunt
973 2170 1037 2226 tam
1059 2167 1110 2225 ho·

102 2259 203 2316 nestae
226 2259 390 2316 sententiae
409 2259 599 2316 occasionem.
637 2256 716 2332 quod
733 2257 818 2316 miles
841 2256 960 2315 fortiter
982 2257 1061 2329 feeit,
1085 2257 1110 2314 si

102 2345 247 2420 absolvas,
270 2348 356 2406 tuum
379 2346 545 2420 exemplum
568 2347 620 2404 est.

168 2435 235 2494 Nisi
262 2436 339 2493 forte
366 2436 422 2494 hoc
448 2454 495 2493 me
525 2434 694 2509 perturbari
721 2435 835 2509 putatis
865 2433 944 2509 quod
973 2433 1109 2491 tribunus

63 2543 88 2582 as
103 2524 169 2581 fuit.
205 2524 271 2582 ideo
294 2524 412 2582 hercule
430 2525 555 2598 turpior,
578 2523 645 2582 ideo
663 2525 759 2582 morte
778 2524 858 2581 omni
876 2521 1001 2598 dignior.
1037 2521 1110 2579 haec

104 2614 182 2670 enim
206 2613 339 2672 condicio
363 2614 548 2688 superiorum
572 2615 629 2685 est,
652 2614 686 2670 ut
709 2610 850 2686 quioquid
873 2611 1001 2684 faciunt,
1026 2628 1110 2684 prae·

103 2703 199 2777 cipere
222 2701 388 2776 videantur,
417 2705 447 2760 et
469 2702 733 2777 perniciosissimus
761 2701 806 2758 est
828 2699 924 2757 malae
947 2700 991 2756 rei
1018 2701 1110 2758 maxi·

102 2810 167 2850 mus
191 2793 324 2867 quisque¹
344 2793 455 2850 auctor.
502 2792 567 2865 quis
596 2788 759 2848 continebit
785 2785 946 2847 militiam?
975 2789 1039 2863 quis
1063 2807 1109 2847 ca-

175 3001 190 3047 3
210 2963 317 3048 vivercb
335 3004 363 3047 B
437 3001 452 3048 ὁ
476 2993 584 3058 militus
602 3002 630 3045 Β
707 2994 775 3061 quid
798 3011 848 3049 cm.
864 3004 901 3061 M,
919 3009 994 3061 supr.
1009 3013 1039 3044 m

104 3072 119 3118 6
139 3067 307 3120 contitueres
326 3075 360 3134 B,
379 3076 480 3120 corso
535 3066 644 3133 accepis
665 3074 686 3116 V
755 3071 768 3118 7
788 3068 868 3118 tuum
886 3081 936 3119 om.
951 3073 984 3130 B,
1003 3074 1111 3132 aspro

103 3140 389 3206 tauB,tscpr.o
453 3135 701 3190 10veemtiora11
761 3142 792 3189 11
814 3152 849 3189 au
868 3136 1058 3204 B,tscpr.o

105 3214 137 3260 12
158 3211 313 3262 contemtus
327 3218 361 3275 Β,
381 3226 487 3277 pccpr.
504 3219 521 3259 1»
570 3213 602 3260 13
621 3207 748 3276 plerique
761 3216 796 3274 Β,
815 3216 949 3276 scapulo
996 3211 1028 3259 14
1047 3222 1110 3259 nos:

103 3297 158 3332 non
178 3289 219 3342 M,
294 3285 326 3333 15
346 3295 435 3332 amor:
454 3297 469 3332 r
487 3281 519 3333 ia
535 3296 590 3333 ras.
605 3287 633 3330 Β
722 3278 821 3332 asidua
839 3288 877 3345 B,
902 3287 1040 3347 scupea

106 3355 138 3403 18
158 3350 266 3405 aberat:
286 3351 437 3405 haberetur
450 3359 514 3417 ΒΜ,
533 3366 601 3404 corr.
615 3371 647 3402 m
707 3355 740 3402 19
759 3349 886 3402 luxuriae
905 3358 956 3401 BV
1015 3352 1048 3400 20
1068 3347 1110 3400 di:

105 3421 139 3473 de
153 3431 181 3474 Β
215 3421 352 3492 dirigunt:
372 3421 496 3492 diligunt
510 3430 552 3489 M,
566 3420 609 3475 vel
624 3420 750 3489 dirigunt
763 3442 793 3473 m
838 3426 870 3474 21
889 3420 999 3472 laudes:
1014 3417 1076 3471 laus
1087 3428 1114 3470 P

106 3533 138 3581 23
159 3511 284 3594 absolvis
309 3537 348 3596 Β,
375 3527 496 3582 absolvis
522 3527 556 3597 (is
581 3529 612 3580 tn
637 3530 703 3597 ras.)
728 3537 766 3595 1²3
794 3526 914 3581 absolvis
942 3526 1041 3592 reliqui

105 3605 137 3652 27
157 3599 395 3668 perniciosisimus
413 3608 441 3651 Β
503 3603 536 3651 28
554 3597 696 3668 {Quisque
715 3607 743 3650 Β
803 3604 863 3667 post
881 3599 981 3650 auctor
998 3600 1068 3648 ere
1088 3603 1118 3644 M
