2430 3952
119 187 186 252 364
400 185 592 242 EXGERPT'A
610 186 854 242 MONACENSIA.

121 356 194 432 quid
208 357 321 431 fecerit,
336 355 512 419 abiciendus,
522 355 569 415 sit.
602 357 755 430 aiexierit,
768 358 866 415 mater
879 356 1000 432 sepeliri
1013 357 1149 433 vetabit,

119 447 147 505 01
168 447 352 520 remanserit,
374 447 481 520 pater,
506 464 573 505 cum
599 447 629 504 01
657 445 732 503 mihi
754 445 802 503 ius
827 445 973 504 fueritin
995 444 1053 504 hao
1077 447 1149 525 lege

121 536 200 593 siout
223 536 253 593 et
275 533 340 592 tibi.
381 534 450 610 plus
473 552 543 612 ergo
570 533 645 592 mihi
672 534 828 593 subvenire
855 534 959 604 debuit
981 536 1012 593 et
1034 553 1148 611 parere

121 642 212 699 quam
234 622 305 697 tibi,
329 624 401 698 quia
423 625 511 697 pater
531 625 629 681 maior
651 624 696 682 est
718 624 822 682 matre.
864 641 934 701 ergo
957 625 1051 682 etiam
1072 624 1147 700 plus

119 712 292 790 indigebam
320 712 522 771 incarceratus
551 711 630 770 inter
659 713 773 787 piratas
801 714 833 770 01
859 714 1086 787 semimortuus,
1116 717 1148 773 01
1163 734 1185 774 s

6 854 7 859 ,
119 800 315 879 indigentiori
336 802 438 876 potius
457 800 692 859 subveniendum
711 803 763 860 est.
804 803 960 876 praeterea
982 820 1038 879 ogo
1056 803 1146 877 prius

119 891 271 966 inplorari
298 889 444 948 auxilium
472 888 530 947 filii
553 891 643 964 quam
671 892 713 947 tu.
754 892 912 965 praeterea
939 891 970 948 et
990 889 1091 949 filium
1115 895 1147 951 et

120 981 222 1038 virum
254 978 364 1037 habere
400 996 460 1037 non
496 980 632 1054 poteras,
667 977 799 1037 reddidit
829 978 888 1037 tibi
919 997 1006 1054 quem
1043 982 1146 1058 magis

119 1067 249 1127 amabas.
291 1067 347 1126 hoo
370 1067 476 1126 saltem
494 1065 625 1141 habebis,
648 1068 813 1126 miserrime
830 1066 883 1142 fili,
906 1069 963 1126 etsi
985 1069 1146 1143 sepultura

119 1175 231 1230 careas,
250 1155 330 1232 quod
343 1156 498 1214 honorabis
513 1155 683 1234 contingere
701 1155 854 1216 funeribus
871 1157 959 1216 solet:
983 1156 1146 1218 detinetur
1160 1177 1183 1218 10

118 1245 302 1320 laudaberis,
339 1244 525 1320 diceturque:
544 1244 657 1303 ¹lucem
689 1244 918 1321 libertatemque
949 1247 1032 1321 patri
1060 1245 1146 1306 filius

119 1334 262 1409 reddidit,
291 1336 333 1408 et,
364 1333 444 1409 quod
468 1335 537 1392 ante
559 1334 729 1393 inauditum
752 1335 811 1409 est,
835 1335 931 1412 magis
954 1354 1001 1393 me
1025 1337 1147 1395 amavit

121 1443 212 1499 quam
228 1423 343 1482 vellem.
385 1425 415 1482 10
429 1421 605 1497 laudabunt,
619 1422 745 1497 iuvenis,
764 1425 794 1482 et
809 1423 998 1483 mirabuntur
1011 1426 1146 1499 saecula,

120 1512 171 1572 sed
188 1512 264 1570 mihi
281 1513 342 1571 ista
359 1512 425 1570 laus
443 1514 498 1571 tua
516 1530 585 1571 0010
603 1514 728 1572 constat.
770 1516 889 1588 poteras
914 1513 1035 1588 quidem
1058 1514 1145 1572 domi

118 1620 239 1662 manere
267 1603 298 1660 et
321 1602 412 1660 otiari
433 1603 464 1660 01
490 1603 608 1677 petrem
635 1618 773 1660 excusare
804 1620 865 1660 non
891 1601 1045 1660 redimere.
1093 1622 1143 1662 me
1158 1622 1182 1663 11

118 1692 254 1765 interim,
284 1692 320 1749 ut
342 1692 474 1766 ceperat,
502 1691 618 1749 senium
640 1693 826 1749 consumeret
851 1692 882 1749 01
904 1691 969 1749 sola
990 1708 1072 1749 mors
1097 1711 1144 1751 10·

119 1778 272 1853 demisset,
300 1781 343 1853 et,
372 1797 439 1836 cum
462 1797 568 1854 corpus
587 1798 689 1837 meum
716 1780 850 1838 exanime
872 1781 1040 1855 proiectum
1064 1784 1145 1841 esset

118 1871 151 1932 in
176 1869 297 1941 fluctus,
327 1869 354 1928 si
381 1869 566 1945 contingeret
594 1869 755 1944 tempestas
784 1867 905 1942 similis,
932 1871 966 1926 tu
995 1887 1057 1942 me,
1087 1869 1144 1944 fili,

120 1958 282 2033 sepelisses.
334 1955 443 2015 fefellit
475 1958 506 2015 10
535 1957 632 2031 pietas
665 1959 761 2032 patris
792 1959 822 2016 01
860 1976 944 2016 amor
976 1960 1144 2034 perpetuae

119 2046 226 2105 laudis.
268 2044 366 2119 ofili,
394 2064 461 2104 oum
484 2047 667 2121 aegrotares,
696 2064 756 2104 non
778 2047 950 2106 ministrari
977 2045 1049 2121 tibi,
1079 2066 1143 2107 non
1157 2070 1182 2108 ro

120 2135 193 2192 affui
210 2135 359 2193 morienti.
400 2135 596 2208 incatenatus,
619 2134 780 2212 neglectus,
805 2135 960 2211 despectus
984 2154 1022 2194 es.
1065 2138 1144 2195 umi-

120 2241 187 2281 oum
211 2225 242 2281 et
267 2224 441 2298 pereuntem
466 2224 496 2280 te
526 2223 728 2281 consolantem
750 2242 811 2282 non
839 2223 984 2299 habuisti,
1014 2224 1066 2284 sed
1091 2244 1143 2286 eos

119 2311 239 2371 tautum
269 2313 417 2388 cogitasti.
465 2313 497 2369 in
527 2329 642 2370 carcere
672 2331 737 2370 meo
767 2315 902 2372 mortuus
932 2332 970 2372 es.
1015 2315 1143 2390 inspice,

119 2403 217 2460 mater
245 2401 467 2474 immisericors,
502 2418 578 2475 quae
602 2419 730 2475 poenam
760 2421 779 2460 a
808 2400 1001 2460 cadaveribus
1031 2404 1143 2481 exigis:

119 2509 173 2566 1101
190 2492 238 2549 101
257 2489 364 2549 fluctus
384 2490 552 2548 volutatum
571 2507 676 2565 corpus
695 2491 848 2565 intumuit,
870 2491 917 2549 tot
938 2490 1054 2550 illisum
1076 2511 1142 2552 sco·
1157 2513 1182 2552 2⁵

119 2580 213 2655 pulis,
235 2580 300 2638 tam
323 2580 463 2654 spatiosis
485 2580 615 2637 tractum
638 2579 770 2653 harenis,
793 2599 946 2655 nunquam
968 2580 1071 2639 tamen
1095 2584 1143 2640 in·

120 2669 236 2728 10110110
266 2686 356 2743 quam
391 2687 459 2727 cum
488 2670 572 2726 venit
606 2667 644 2725 ad
676 2670 796 2727 terrem.
844 2688 914 2747 ergo
944 2687 1012 2727 cum
1041 2673 1144 2730 mater

120 2758 215 2833 impia
237 2757 317 2816 flecti
346 2776 406 2816 11011
429 2758 537 2832 possit,
565 2775 582 2815 0
606 2756 738 2816 crudeles
769 2776 864 2832 aquae
887 2761 918 2817 01
946 2759 1031 2816 venti
1059 2761 1143 2820 male

122 2845 251 2921 secundi,
264 2845 355 2904 reddo
370 2845 454 2905 vobis
469 2846 601 2905 vestrum
618 2844 802 2920 beneficium,
820 2847 896 2906 ferte
911 2846 1054 2922 quolibet,
1067 2848 1144 2909 licet

1 2928 4 2937 ’
120 2935 159 2992 ad
172 2935 323 3008 barbaros,
337 2935 408 2994 licet
422 2935 460 2993 ad
473 2935 582 3008 hostes,
596 2934 667 2993 licet
681 2935 719 2994 ad
732 2937 854 3010 piratas.
887 2936 1013 2995 fortasse
1028 2937 1143 3014 uliquis
1157 2959 1183 2998 10

119 3023 234 3082 iubebit
256 3024 375 3099 sepeliri
397 3023 616 3084 misericordior
637 3025 713 3099 ipsa¹
727 3027 829 3084 matre.

403 3219 471 3277 VII.
495 3219 667 3278 Tonunune
689 3235 847 3280 1111111110.

186 3343 400 3419 Arycmeotcm
421 3363 448 3402 0.
461 3362 494 3416 11.
516 3345 659 3412 133,13.

185 3431 212 3492 ·0
230 3434 352 3507 iudices,
370 3451 475 3492 accuso
493 3433 572 3491 hunc
590 3432 722 3507 divitem,
745 3435 899 3491 inimicum
917 3454 1025 3510 meum,
1051 3457 1144 3512 quem

121 3538 207 3622 mo
226 3569 342 3637 pyratas
361 3576 393 3620 rr
459 3571 491 3619 21
511 3566 759 3620 111οο11100010οΜ
824 3583 865 3620 0οι
886 3573 900 3621 e
920 3576 952 3620 rr
