2430 3952
419 194 653 250 DEOLAMATIO
672 195 711 249 rx
726 202 838 251 re-rs.
1069 197 1134 262 183

122 365 219 424 minis.
274 366 309 422 nt
344 364 437 422 Fabio
473 364 603 423 Maximo
639 365 836 425 immortalem
875 365 980 424 attulit
1015 366 1134 425 laudem

122 456 239 529 ereptus
263 473 298 511 ex
324 452 455 511 hostium
476 454 614 512 manibus
636 454 787 528 inimicus,
803 456 847 521 ,ut
869 454 1021 512 Tiberium
1045 453 1134 514 Grae-

123 543 210 601 chum
233 541 380 600 admirata
404 543 509 601 civitas
534 544 578 602 est
591 541 735 618 ¹Scipione
758 544 789 600 in
809 561 953 602 carcerem
977 544 1045 603 duci
1066 563 1134 619 pro-

122 631 226 706 hibito,
248 632 279 689 te
298 649 416 706 qnoque
434 631 539 690 similis
558 627 648 689 animi
669 632 844 709 magnitudo
864 632 1024 691 memoriae
1042 631 1133 692 dabit.

96 720 183 779 stuis
206 722 284 778 enim
306 719 411 795 opibus
434 720 511 778 vivit
532 719 678 780 inimicus.
716 721 857 797 quicquid
880 724 925 780 est
952 720 1032 780 istud
1055 722 1144 796 quod'

123 827 211 867 senex
237 808 323 883 inops
347 827 382 866 ex
404 810 507 867 nostra
529 807 617 868 domo
640 810 763 885 accipit,
791 811 817 868 si
843 829 902 868 non
924 809 1072 887 irasceris,
1100 813 1134 869 tu

122 897 308 973 praestitisti,
331 897 388 955 tibi
406 898 461 956 hoc
483 897 640 972 pulchrum
659 890 748 973 atque
767 899 957 976 magnificum
975 901 1027 957 est.
1065 901 1135 957 nam

123 1005 190 1064 ego,
218 986 245 1045 si
267 985 340 1061 quid
361 986 392 1043 in
419 990 536 1061 patrem
558 990 717 1046 servatoris
740 989 800 1047 mei
820 988 959 1062 oensem,
986 1007 1046 1047 non
1069 1007 1135 1046 sum

122 1074 296 1133 laudandus.
775 1066 781 1077 ’

83 1183 109 1224 ιο
188 1164 292 1239 Neque
325 1165 525 1239 expectaveris
551 1162 607 1223 hoc
634 1165 712 1240 loco,
744 1167 842 1240 pater,
875 1167 910 1223 ut
939 1164 992 1223 illa
1024 1165 1134 1224 dicam:
1149 1164 1186 1220 18

122 1271 237 1328 semper
260 1253 396 1311 odiorum
418 1253 558 1312 honestus
582 1271 703 1312 occasus
726 1257 783 1328 est,
808 1256 850 1328 et,
874 1254 944 1311 dum
967 1253 1133 1313 simultates

121 1342 196 1399 nihil
220 1341 303 1399 aliud
325 1341 436 1400 habent
459 1361 549 1417 quam
572 1324 696 1400 nocebdi
720 1343 924 1418 cupiditatem,
948 1343 1080 1418 speciosa
1103 1344 1135 1400 in

122 1431 228 1490 melius
251 1432 345 1488 animi
367 1431 494 1490 mutatio
519 1433 564 1489 est
586 1450 653 1489 cum
672 1432 798 1506 exempli
816 1432 934 1504 honore,
957 1433 1134 1506 iunctaeque

122 1538 158 1576 ex
189 1519 292 1578 hostili
323 1538 417 1594 paene
450 1537 593 1578 concursu
619 1519 652 1577 in
680 1519 862 1578 adfinitatem
896 1538 1009 1580 manus.
1055 1520 1134 1578 unde

82 1628 109 1668 15
122 1610 240 1666 tantum
259 1610 366 1666 misero
389 1608 468 1682 boni,
491 1611 526 1666 ut
543 1609 680 1667 inimicus
704 1606 764 1668 sit?
801 1610 898 1684 aspice
920 1609 1024 1683 solum,
1048 1628 1134 1685 egen·

122 1699 196 1770 tem,
220 1716 331 1771 senem,
354 1697 489 1755 omnibus
513 1697 669 1771 praesidiis
692 1698 883 1770 destitutum,
911 1715 1008 1756 nonne
1031 1700 1133 1756 contu·

123 1785 243 1844 meliam
265 1787 401 1844 fortunae
424 1789 494 1844 tuae
517 1785 599 1859 facis,
623 1786 649 1845 si
670 1788 750 1845 hunc
769 1785 858 1845 odisti
881 1789 911 1844 et
930 1786 1025 1845 adhuc
1046 1789 1134 1862 putas

123 1877 176 1933 tua
198 1875 348 1949 interesse,
371 1894 407 1933 ne
430 1872 535 1933 vivat?
571 1875 654 1933 nulla
672 1875 728 1934 tibi
748 1876 917 1952 contingere
940 1876 1036 1934 maior
1058 1875 1133 1934 ultio

122 1965 222 2038 potest
241 1982 330 2037 quam
353 1964 379 2021 si
401 1965 462 2021 iam
484 1964 555 2022 talis
578 1966 631 2038 est,
654 1966 690 2022 ut
711 1965 793 2023 illius
812 1965 903 2021 etiam
921 1982 975 2024 nos
995 1965 1133 2023 miserea-

75 2061 109 2112 'ao
123 2073 197 2110 mnr.
242 2071 351 2129 magna
382 2053 547 2111 mehercule
583 2053 645 2110 iam
677 2053 713 2111 de
745 2055 844 2112 vetere
877 2055 993 2112 aemulo
1024 2053 1134 2128 poenal

124 2143 259 2215 superest
289 2160 398 2216 panem
429 2143 541 2216 eripere
568 2141 702 2200 mendico
740 2143 770 2199 et
801 2144 993 2219 gravissimae
1023 2161 1077 2218 per
1104 2161 1134 2200 se

123 2230 261 2288 fortunae
283 2249 373 2287 manu
392 2230 509 2306 pondus
527 2231 686 2304 imponere.
724 2250 786 2308 age,
811 2233 836 2289 si
853 2231 986 2306 perisset,
1009 2230 1135 2290 cadaver

124 2319 287 2380 calcassesl
332 2320 412 2377 ferae
440 2319 621 2378 mehercules
649 2321 851 2397 generosiores
877 2321 1006 2379 iacentes
1038 2323 1134 2378 trans-

125 2410 204 2481 eunt,
227 2409 258 2465 et
274 2409 418 2465 reservati
440 2407 539 2467 hostes
557 2409 772 2483 restitutaeque
790 2408 877 2467 urbes
895 2411 1010 2467 maiora
1029 2427 1135 2467 causae

82 2516 109 2558 ss
124 2497 258 2570 exempla
281 2498 354 2570 sint,
378 2496 456 2571 quod
480 2499 549 2572 scio,
572 2499 659 2556 victis
683 2498 773 2556 etiem
796 2498 976 2574 gladiatores
999 2498 1133 2572 pareunt.

123 2587 191 2661 post
215 2585 386 2659 orbitatem,
413 2587 482 2661 post
505 2588 666 2664 egestatem
690 2585 762 2661 qnid
785 2586 912 2661 amplius
939 2587 1039 2660 potest
1060 2587 1135 2660 pati,

124 2674 182 2732 nisi
205 2673 284 2748 quod
312 2672 417 2749 optat?
462 2675 623 2734 ulteriorne
643 2675 707 2733 tibi
736 2675 836 2750 aliqua
863 2675 939 2733 ultio
966 2675 1135 2749 quaerenda

124 2765 177 2833 est,
201 2766 253 2821 aut
276 2763 390 2838 aliquid
417 2783 517 2822 rernm
542 2767 649 2822 natura
675 2764 759 2839 peius
786 2762 887 2840 capit?
934 2763 999 2837 quis
1022 2781 1082 2821 non
1104 2766 1135 2822 te

124 2854 256 2911 omnium
274 2853 448 2911 mortalium
465 2851 743 2912 inhumanissimum
761 2855 855 2927 putet,
879 2853 904 2911 si
922 2851 978 2911 hoc
995 2851 1135 2912 adversus

196 3009 210 3056 1
230 3005 382 3057 maximam
400 3018 414 3069 p
505 3009 520 3057 2
540 3003 682 3057 inimicus:
702 3003 841 3056 Minucius
862 3003 910 3058 Gr.
1002 3003 1135 3057 tammi-

124 3075 187 3127 rate
209 3083 231 3126 V
307 3075 431 3143 spicione
448 3083 501 3127 BV
578 3075 654 3128 duci:
677 3075 726 3128 diu
747 3085 769 3126 V
850 3073 992 3142 prohibito
1011 3076 1051 3128 te:
1071 3091 1135 3144 pro·

124 3144 245 3198 hibitate
268 3155 296 3198 Β
384 3146 566 3215 ipraestitis
585 3156 613 3199 Β
700 3146 877 3199 8senatoris
899 3158 919 3198 o
1005 3145 1061 3199 mei
1084 3162 1134 3200 om.

127 3226 169 3269 VJ
212 3216 214 3220 '
258 3221 291 3269 10
313 3216 392 3270 ssiam
405 3226 429 3269 J
518 3222 549 3269 11
574 3219 635 3270 tum
654 3239 672 3269 α
690 3220 763 3287 (oum
780 3216 825 3270 vel
844 3217 911 3269 dnm
933 3234 1007 3285 supr.
1022 3219 1063 3286 m)

126 3293 158 3341 12
183 3303 279 3354 quam:
299 3304 354 3356 quo
374 3297 401 3340 P
489 3294 520 3341 13
540 3289 601 3341 tum
620 3310 638 3340 α
728 3293 761 3341 14
784 3289 842 3341 sint
859 3294 922 3342 aab
941 3304 974 3341 ex
993 3288 1057 3341 cdd.
1075 3288 1135 3342 Scb.

126 3363 158 3411 16
177 3373 281 3411 nonne:
300 3375 356 3413 non
375 3369 414 3423 Β;
432 3375 536 3412 numne
554 3368 588 3412 Μ
645 3364 678 3412 19
697 3375 793 3427 quam:
814 3360 889 3427 quod
908 3368 935 3412 1³
986 3376 1036 3427 nos
1055 3372 1136 3423 oruc

124 3435 158 3482 22
177 3429 274 3482 manni
293 3439 349 3497 cm
368 3430 459 3484 mains
475 3430 537 3484 aer.
593 3435 627 3482 24
645 3429 722 3483 urbis
736 3439 795 3483 ΒΜ
846 3430 953 3483 maiora
967 3447 1041 3499 supr.
1056 3439 1084 3482 Β

114 3515 226 3554 causae
244 3510 352 3568 cmm,
370 3518 504 3570 seuram
525 3516 610 3554 cansa
629 3514 655 3568 βς
675 3517 741 3555 cave
760 3511 791 3554 11
877 3506 912 3554 25
936 3501 993 3554 sint
1014 3517 1048 3554 esc
1070 3502 1136 3554 sunt

122 3579 153 3625 Β
222 3569 427 3641 gladiatoribus
446 3582 476 3639 1,
494 3584 588 3627 corre
660 3577 693 3626 26
713 3575 788 3642 post:
808 3579 827 3643 p
846 3582 873 3626 Ρ
