2430 3952
86 195 178 252 XVIII
488 196 704 253 PRAEFATIO.

88 367 202 424 tionem
224 365 410 440 formamque
429 366 674 442 perspiciendam,
699 385 735 426 ca
757 366 845 426 laude
868 366 1029 425 fraudandi
1054 387 1119 426 non

90 456 160 513 sunt
183 453 263 529 quod
286 473 362 529 quae
386 457 571 529 invenerant,
598 455 683 513 nulla
710 455 896 514 coniectandi
919 455 1045 515 libidine
1069 456 1120 514 in·

90 544 178 602 citati
207 562 267 603 non
291 543 529 618 depravavemnt
552 547 583 603 et
606 563 640 602 ea
673 563 749 620 quae
780 545 958 620 exemplaris
988 547 1119 620 proprIa

89 635 186 707 erant,
210 651 278 691 raro
301 632 489 692 deterserunt
517 635 606 708 atque
633 633 814 692 deleverunt.
855 635 931 707 iam,
958 636 994 692 ut
1015 634 1117 692 mani-

89 723 166 780 festo
189 721 382 798 intellegatur
400 725 480 781 recte
503 722 668 781 iudicatum
687 741 749 782 csse
773 722 808 781 de
832 723 965 782 familiae
989 746 1008 782 α
1031 724 1119 782 eodi-

90 809 172 870 cibus
195 810 272 869 hanc
290 811 419 871 adiciam
442 810 577 870 tabulam
601 815 769 888 excerptam
793 831 828 870 ex
851 813 955 888 primis
974 813 1118 889 pagellis,

291 952 316 1008 B
669 954 697 1011 V
962 955 993 1012 M

89 1062 117 1117 p.
138 1043 205 1115 4,2
230 1034 512 1123 probaveritis¹)
548 1042 797 1117 probaveritis
843 1043 1015 1118 probaverit

100 1174 120 1206 „
144 1131 211 1204 4‚5
237 1132 324 1189 erunt
383 1165 385 1169 .
549 1134 636 1190 erunt
843 1137 947 1191 erant

102 1264 118 1294 „
143 1221 233 1294 4,12
259 1223 427 1278 acreessent
548 1223 717 1281 acraessent
843 1224 923 1281 acta
947 1225 1072 1282 essent

99 1353 116 1382 „
139 1310 229 1382 4,17
255 1309 387 1367 miserim
403 1301 521 1390 (mise-
548 1312 708 1368 miserrimi
841 1312 1002 1370 miserrimi

253 1416 326 1455 rrur

99 1531 116 1564 „
142 1488 169 1561 7,
191 1487 208 1544 5
234 1389 372 1561 11150εέ11
548 1490 719 1562 suspecta
842 1491 980 1564 suscepta

100 1621 116 1650 „
141 1575 169 1651 8,
191 1577 208 1634 3
235 1575 394 1634 discedit
549 1576 701 1636 descendit
843 1577 1001 1636 discedit

100 1710 116 1740 „
141 1664 170 1738 8,
191 1666 229 1723 21
255 1664 406 1724 blandiori
548 1665 710 1725 blandiri
842 1665 1005 1725 blandiri

101 1798 117 1828 „
142 1755 171 1828 8,
192 1755 232 1811 27
257 1754 341 1811 invia
548 1755 607 1812 via
843 1744 902 1814 vi'a

100 1887 116 1916 ‚,
142 1844 232 1916 9,14
256 1842 367 1918 gradus
549 1843 662 1920 gradu
844 1845 953 1923 gradus

100 1977 117 2006 „
143 1934 231 2006 11,1
257 1931 356 1990 dicens
382 1925 507 2013 (dices)
548 1933 622 1991 dicis
843 1934 942 1994 dicens

101 2065 117 2095 „
143 2022 194 2094 14,
215 2021 256 2079 10
279 2021 432 2095 telocupat
453 2014 520 2102 (te-
547 2023 608 2080 telo
633 2026 761 2098 occupat
843 2026 969 2098 occupet

269 2101 518 2191 lumoceupat)

99 2243 116 2273 „
142 2201 252 2274 1415
276 2197 308 2256 id
331 2199 477 2258 mittendo
548 2199 733 2260 admittendo
841 2203 877 2259 in
891 2201 1118 2261 admittendo

102 2332 118 2362 ,‚
144 2279 476 2370 15‚141une(huc)
546 2289 616 2348 hinc
842 2291 912 2348 huie

287 2381 313 2410 00

100 2474 117 2505 „
143 2431 231 2503 16,6
257 2431 447 2490 conlorare
548 2432 711 2491 colorare
843 2434 1027 2508 complorare

99 2564 116 2593 „
142 2520 191 2593 18,
212 2521 254 2578 20
279 2519 519 2581 exheredatus
548 2522 787 2582 exheredatus
842 2521 1000 2581 heredatus

99 2652 116 2683 „
142 2609 193 2682 18,
213 2603 256 2667 24
279 2611 380 2685 gravis
547 2612 648 2687 gravis
842 2613 990 2690 gravius

100 2741 116 2773 „
142 2699 192 2772 19,
214 2699 232 2755 2
257 2700 289 2755 at
548 2702 585 2758 at
843 2703 940 2760 0111311

100 2831 116 2859 ,,
141 2787 192 2860 21,
212 2789 232 2844 4
256 2789 370 2861 aperire
548 2788 713 2862 deperire
842 2791 940 2866 perire

100 2919 117 2950 „
142 2877 193 2951 23,
210 2876 250 2934 28
274 2877 440 2934 infamatur
485 2896 520 2937 ac
547 2879 713 2936 infamatur
736 2896 771 2936 ec
843 2881 945 2938 emicet.

265 2956 519 3047 (infamatura)

159 3107 235 3165 Tum
258 3108 375 3166 saeculo
394 3108 454 3167 XII
475 3110 597 3167 ineunte
615 3108 663 3168 vel
687 3114 765 3167 certe
789 3128 848 3167 non
867 3113 935 3185 post
957 3110 1013 3168 hoc
1036 3113 1114 3170 tem-

91 3214 147 3271 pus
160 3196 250 3254 homo
265 3196 387 3271 quidam
401 3198 506 3257 doctus
521 3197 594 3256 duas
608 3197 677 3255 illes
692 3198 823 3256 familias
838 3202 975 3257 accurate
989 3200 1068 3257 inter
1080 3220 1113 3260 se

92 3285 221 3344 contulit
238 3285 439 3362 lectionesque
463 3287 597 3345 familiae
615 3286 635 3365 β
654 3305 727 3362 quas
747 3287 934 3363 probaverat,
958 3289 994 3348 ad
1015 3308 1113 3347 exem-

92 3375 159 3450 plar
189 3393 274 3434 suum
306 3375 384 3449 quod
415 3395 449 3433 ex
479 3375 707 3452 Bambergensis
737 3396 796 3435 non
826 3376 966 3436 Vossiani
994 3379 1117 3438 familia

165 3565 190 3632 1)
209 3562 312 3616 litteris
333 3562 456 3617 diductis
475 3563 599 3633 genuina
612 3562 696 3618 lectio
716 3561 899 3632 significatur.
