2430 3952
416 213 651 268 DECLAMATIO
670 213 747 268 XVII
762 219 838 268 1-3.
1070 214 1135 279 303

121 384 202 461 quod
235 383 333 442 effudi.
380 384 451 442 licet
481 383 575 460 igitur
606 381 813 441 inmitissimns
841 401 929 442 senex
959 382 1136 442 confundere

120 472 258 551 publicos
285 475 408 531 conetur
430 471 564 531 adfectus
589 470 777 546 querelarum
798 471 896 530 fronte
922 474 1053 547 mutata,
1076 491 1136 531 non

121 581 223 622 sumus
245 563 317 621 novi
334 560 419 621 vobis
442 563 595 620 accusator
619 562 742 634 atreus,
765 579 819 619 nec
836 578 891 619 nos
907 560 996 619 modo
1013 561 1136 636 pietatis

122 669 241 712 eversae
273 667 374 709 recens
407 649 539 709 adseruit
569 649 744 710 inmanitas:
775 648 956 724 parricidam
984 669 1032 709 me
1065 650 1136 708 olim

92 743 218 806 evocat.
263 741 308 799 ita
330 742 376 798 eat
402 739 494 814 enim,
521 738 647 812 iudices,
673 739 718 797 ita
741 741 799 813 est,
821 738 882 797 iam
904 738 1020 814 pridem
1041 738 1136 797 bomi-

121 848 195 888 num
216 827 414 888 nefandorum
437 827 507 887 solis
530 826 699 886 nominibus
720 831 883 887 accusatur.
922 829 963 886 aio
985 827 1060 885 mibi
1081 827 1137 885 illa

120 917 219 994 prima
245 916 341 994 patris
368 917 523 975 maledixit
550 917 703 992 asperitas.
748 917 798 975 hic
825 920 871 975 est
896 916 949 975 ille
972 935 1060 992 quem
1086 915 1136 974 de·

122 1008 217 1066 sinere
239 1007 301 1064 iam
322 1006 490 1079 insacratis,
519 1005 571 1080 qui
593 1024 710 1080 semper
733 1005 772 1064 ad
794 1024 847 1064 vos
871 1007 997 1064 recurrit
1020 1007 1050 1063 et
1071 1007 1136 1064 vin·

122 1096 207 1156 eitun
253 1095 383 1169 fallitur,
406 1094 539 1170 quisquis
561 1094 648 1153 illam
670 1093 706 1152 de
728 1094 860 1154 moribus
883 1095 962 1154 senis
984 1093 1137 1153 lassitudi-

78 1209 108 1252 10
122 1203 191 1244 nem
213 1184 261 1244 vel
283 1184 462 1259 patientiam
481 1186 588 1259 sperat.
624 1185 706 1259 patri
725 1184 777 1259 qui
795 1183 932 1242 abdicare
951 1202 1010 1242 non
1027 1183 1137 1259 potuit,

121 1274 221 1332 minus
244 1276 290 1332 est
311 1272 392 1332 filius
414 1291 522 1332 nocens
547 1291 636 1347 quam
659 1272 822 1331 absolutus.

189 1361 214 1422 Ο
235 1363 507 1439 pertinacissimum
530 1363 736 1420 accusatorum
758 1379 865 1440 genus,
887 1362 960 1421 victi
982 1361 1171 1437 parentas13

121 1451 193 1510 dum
212 1452 422 1511 auctoritatem
439 1450 568 1510 nominis
585 1450 678 1509 vestri
691 1450 798 1509 fortius
812 1450 979 1526 imperiosis
997 1449 1135 1510 adseritis

122 1540 288 1600 adfectibus
311 1542 350 1615 et,
372 1559 410 1599 ne
426 1539 572 1615 pudorem
589 1540 863 1614 paenitentiamque
880 1538 1045 1614 fateamini,
1068 1557 1136 1597 con·

78 1652 108 1695 rs
121 1631 256 1689 tumacia
273 1628 433 1689 vindicatis
454 1646 592 1702 errorem,
615 1627 836 1687 calamitatibus
855 1628 928 1688 meis
947 1629 1079 1702 accessit,
1102 1631 1137 1686 ut
1160 1625 1163 1630 ’

121 1721 169 1777 ter
191 1712 367 1778 absolverer
413 1736 542 1793 namque
569 1719 605 1775 ut
627 1720 692 1776 erat
717 1719 749 1776 in
776 1734 960 1792 supervacuo
984 1716 1052 1775 odio
1076 1718 1137 1775 mei

122 1826 210 1866 senex
236 1807 334 1884 prima
361 1807 427 1866 luce
455 1806 630 1882 deprensus,
656 1805 733 1865 ferre
760 1824 821 1865 non
846 1806 947 1883 potuit
969 1805 1050 1881 quod
1070 1805 1136 1864 red-

122 1896 213 1956 debar
239 1895 350 1969 inrito,
377 1897 421 1971 et,
449 1896 520 1972 quia
547 1914 566 1954 a
592 1894 739 1954 iudicibus
766 1913 827 1954 non
853 1896 1070 1971 inpetraverat,
1100 1897 1137 1954 ut

122 1985 284 2061 abdicaret,
307 1984 387 2060 apud
405 2002 436 2043 se
459 1984 567 2058 tenuit,
590 2003 627 2042 ne
646 1983 793 2044 desineret
814 1983 870 2044 hoc
888 1985 974 2043 velle.
1010 1982 1136 2042 credidit

79 2098 109 2140 ao
123 2077 226 2134 tamen
248 2073 367 2150 aliquid
391 2073 596 2150 profecturum
618 2074 807 2148 querelarum
830 2091 928 2133 errore
954 2074 1082 2148 repetito
1106 2074 1137 2130 et

124 2163 258 2240 speravit
274 2165 360 2222 iuxta
378 2163 598 2222 contentionem
616 2181 710 2238 suam,
732 2165 767 2221 ut
784 2163 957 2222 lassesceret
975 2161 1136 2237 aliquando

121 2270 175 2328 pro
203 2271 251 2311 me
276 2253 358 2311 iusta
384 2253 544 2312 miseratio.
592 2251 665 2328 quid
691 2252 820 2311 lacerem
845 2249 961 2329 igitur?
988 2269 1046 2326 quo
1071 2269 1136 2310 ver-

121 2344 216 2400 terem
237 2343 299 2399 iam
321 2341 481 2418 fatigatam
502 2339 728 2400 innocentiam?
763 2359 817 2400 nec
841 2341 920 2399 exire
942 2360 989 2399 me
1013 2339 1137 2399 decebat

122 2447 159 2488 ex
181 2429 277 2505 domo,
299 2449 337 2488 ne
358 2430 475 2490 viderer
498 2429 640 2506 quiequid
662 2448 715 2489 vos
738 2448 799 2488 non
821 2428 1022 2502 credideratis,
1044 2446 1136 2505 agno-

77 2542 108 2584 31
122 2536 217 2592 scere,
239 2537 293 2577 nec
315 2521 468 2596 expectare
490 2521 640 2595 poteram,
667 2537 734 2578 cnm
756 2518 832 2577 mihi
853 2535 955 2577 rursus
979 2518 1070 2576 aliam
1092 2534 1136 2575 se·

121 2606 198 2666 riem
225 2607 373 2667 malornm
403 2608 580 2682 minaretur,
612 2609 692 2684 quod
718 2626 765 2666 me
792 2607 853 2666 iam
886 2607 1024 2681 coeperat
1049 2608 1137 2680 pater

121 2697 311 2757 contentione
334 2716 393 2773 qua
415 2696 499 2757 vobis
522 2696 714 2771 irascebatur,
737 2695 841 2756 odisse.
888 2695 1009 2754 tandem
1031 2693 1135 2751 infelix

194 2901 335 2974 lelium}
353 2911 385 2955 Μ
440 2901 649 2956 inmittiseimus
667 2911 695 2955 B
765 2902 949 2954 3accusatur
966 2908 993 2953 Β
1050 2899 1137 2952 4ad-

121 3025 214 3064 serum
227 3019 267 3077 133
286 3008 392 3063 adserit
406 3018 438 3061 Μ
498 2989 717 3063 thominme
770 3012 803 3061 10
822 3006 926 3076 quidv
982 3012 1014 3060 11
1033 3021 1136 3059 nocens

122 3081 257 3151 alligatus
281 3097 366 3148 quam
385 3089 417 3133 M
505 3085 538 3133 13
561 3079 647 3134 vestri
665 3090 699 3134 J:
723 3078 821 3132 vestris
841 3087 907 3142 αβιι
994 3077 1135 3160 1511111

119 3205 230 3259 viria?
299 3204 724 3260 πρεπῆ-1111116111
808 3209 840 3257 16
860 3167 1009 3269 tenbm
1027 3166 1086 3256 th

122 3282 156 3333 17
176 3292 256 3330 senes
274 3286 296 3328 V
335 3277 410 3330 luce:
429 3276 481 3330 lite
497 3277 559 3332 Otr.
607 3280 640 3328 18
660 3275 728 3342 quia
740 3274 871 3329 iamaB
916 3279 948 3328 19
968 3273 1076 3328 credidi
1089 3281 1139 3327 BV

121 3388 156 3438 20
176 3364 268 3437 entre
283 3393 322 3452 ¹33
341 3385 445 3437 terrore
460 3384 515 3437 Ba.
571 3381 703 3451 repetitio
717 3390 755 3450 133
775 3398 825 3437 om.
840 3391 862 3433 V
912 3387 945 3435 21
964 3381 1040 3434 iusta
1054 3389 1086 3432 Μ

120 3471 203 3509 suam
217 3465 320 3522 11111,
338 3472 455 3524 sapam
508 3453 730 3508 lacesseretur!
787 3459 821 3506 22
835 3453 916 3506 iuxta
933 3462 955 3504 r
1007 3466 1062 3520 quo
1076 3466 1137 3504 ver-

120 3530 223 3580 terem:
239 3527 314 3593 quod
327 3525 426 3580 vellem
435 3534 487 3579 BV
555 3530 589 3577 23
605 3525 697 3579 excire
710 3534 739 3578 Β
809 3524 923 3578 dicebat
935 3532 995 3577 rm
1007 3525 1084 3592 (corr.
1094 3523 1136 3590 a)

121 3603 292 3652 24111112
346 3603 380 3651 26
398 3599 480 3666 pater
494 3613 543 3651 om.
560 3606 597 3663 Μ,
612 3595 675 3651 add.
690 3618 721 3649 m
781 3601 814 3649 27
834 3595 930 3651 odisse
943 3612 979 3648 ea
989 3593 1145 3644 andtasau
