2430 3952
417 220 652 278 DECLAMATIO
670 221 800 277 1Χ1-3.
1049 221 1113 286 169

101 393 134 449 in
170 390 339 450 differendis
375 391 511 467 precibus
547 391 713 450 verecunda
749 392 909 450 cunctatio.
956 392 1008 466 qui
1043 391 1115 449 dum

101 482 219 555 tempus
251 481 466 555 opportunum,
497 480 599 539 faciles
632 479 745 552 aditus,
776 469 950 538 hilariorem
982 481 1115 540 animum

102 571 199 644 capto,
217 570 338 628 interim
352 570 436 628 volui
454 587 605 644 superesse
619 570 667 628 eui
685 555 859 645 ignosceret.
889 587 983 644 neque
1001 569 1115 628 infitior

101 660 203 716 tamen
234 658 325 717 fuisse
352 678 400 717 me
431 657 589 717 lentiorem
617 676 707 733 quam
734 659 881 733 oportuit:
912 659 1033 718 tametsi
1059 659 1116 716 boc

76 748 260 823 spraecipue
282 747 391 806 habere
414 748 517 806 videor
539 748 634 822 patris
658 747 763 806 simile.
809 746 861 806 sed
884 748 910 805 si
932 747 995 805 ulla
1018 765 1114 805 emen-

102 835 185 894 datio
208 838 410 912 paenitentiae
437 840 495 910 est,
522 837 571 895 bic
593 837 626 894 in
648 835 767 910 publico
791 835 875 895 vobis
899 835 1040 895 adhibitis
1067 855 1115 894 ro·

102 925 188 1001 gabo.
224 944 284 983 non
307 945 361 1002 ego
386 945 434 985 aes
458 927 589 984 alienum
611 925 729 984 luxuria
749 925 883 983 contraxi
901 943 955 983 nec
977 925 1115 1000 profusus

101 1015 133 1072 in
165 1015 241 1072 vitia
276 1014 398 1073 fortuna
428 1017 531 1074 nostra
566 1015 643 1072 male
675 1031 745 1072 usus
778 1033 852 1073 sum.
903 1014 1115 1089 redemptionis

102 1121 185 1161 meae
208 1105 339 1179 pretium
362 1103 461 1163 debeo.
508 1104 534 1162 si
560 1105 701 1179 impetro,
728 1103 902 1180 intellegam
924 1122 1028 1162 verum
1053 1122 1115 1162 esse

63 1213 89 1252 ιο
102 1191 181 1267 quod
205 1192 327 1268 quidam
346 1194 519 1267 opinantur:
543 1191 734 1252 ambitiosum
756 1195 872 1268 patrem
895 1192 1046 1267 publicare
1064 1211 1115 1250 vo·

102 1281 193 1340 luisse
216 1281 319 1341 domus
347 1300 418 1340 suae
440 1280 687 1354 misericordiam,
713 1301 750 1340 ne
773 1280 947 1340 viderentur
971 1298 1115 1356 pauperes

102 1372 221 1428 tantum
239 1370 334 1428 vitam
356 1372 486 1429 inimicis
506 1372 566 1428 suis
585 1369 709 1428 dedisse.
746 1371 772 1428 si
794 1372 972 1445 perseverat,
995 1373 1031 1428 ut
1048 1388 1116 1446 por·

102 1461 198 1517 rectos
218 1461 318 1536 egenti
336 1459 415 1518 eibos
434 1478 500 1518 mea
520 1459 599 1518 fame
617 1459 769 1534 rependat,
793 1459 948 1534 expulsum
966 1459 1003 1517 ab
1023 1460 1114 1517 omni-

102 1547 156 1607 bns
179 1547 264 1606 bouis
282 1547 379 1606 filium
402 1549 529 1608 similem
547 1549 640 1606 faciat
662 1549 792 1622 inimico,
815 1565 927 1622 vereor,
949 1566 986 1605 ne
1004 1548 1116 1623 iniquis

62 1657 88 1696 15
103 1637 344 1696 aestimatoribus
371 1637 561 1713 inexpiabilis
588 1637 670 1696 illius
694 1639 724 1695 et
747 1655 835 1712 saepe
861 1631 1032 1711 reprehensi
1054 1635 1117 1695 odii

103 1726 191 1800 culpa
214 1725 352 1784 videatur
374 1745 464 1802 penes
487 1729 603 1802 patrem
626 1727 679 1802 qui
700 1727 765 1784 tam
787 1725 875 1784 facile
897 1727 1044 1784 irascitur.

169 1814 281 1872 Verum
299 1817 388 1890 enim,
411 1817 437 1875 si
458 1817 566 1892 placet,
589 1816 727 1874 fortunae
749 1816 845 1892 magis
869 1814 1000 1873 moribus
1024 1814 1151 1873 disse-tt

103 1902 171 1962 dere
190 1923 280 1979 quam
303 1907 378 1979 suis3
401 1924 471 1963 nam
490 1907 520 1963 et
541 1905 728 1980 paupertatis
748 1906 793 1962 est
811 1906 973 1979 proprium,
997 1902 1115 1979 quando

104 1993 164 2052 alia
182 1992 329 2067 deficiant,
353 2012 469 2053 exerere
492 1993 661 2052 libertatem
680 1996 718 2067 et,
742 1992 813 2050 dum
831 1994 1016 2068 contemptus
1034 1993 1116 2053 fama

62 2101 89 2140 ao
103 2083 225 2156 vitatur,
243 2084 426 2158 potentiores
440 2083 488 2141 vel
507 2083 664 2141 ambitiose
683 2081 838 2157 offendere,
853 2084 883 2141 et
900 2084 989 2141 nacta
1007 2081 1116 2140 bonam

103 2172 313 2230 conscientiam
345 2191 454 2250 magna
478 2173 600 2231 fortuna
626 2171 778 2248 indignius
805 2173 951 2246 imparem
979 2172 1115 2230 adversa-

101 2261 180 2317 rium
207 2262 330 2336 patitur.
377 2280 446 2339 ergo
479 2262 641 2334 conseruit,
673 2263 708 2318 ut
739 2261 828 2335 solet,
860 2279 944 2319 casus
972 2260 1116 2318 duratum

102 2349 220 2426 longius
245 2367 263 2407 a
285 2351 386 2424 parvis
408 2351 505 2409 initiis
528 2341 609 2423 odia,
635 2349 706 2407 dum
729 2350 939 2408 contumeliam
961 2349 1115 2407 humilitas

33 2430 36 2436 ’
102 2436 221 2496 facilius
244 2439 401 2516 intellegit,
426 2439 556 2516 dignitas
580 2439 708 2516 gravius.
746 2457 840 2514 neque
859 2439 923 2497 ulla
939 2438 999 2496 fuit
1018 2457 1115 2496 aemu-

63 2526 178 2585 relatio
198 2558 239 2566 —
260 2545 335 2602 quae
355 2530 434 2586 enim
453 2547 514 2587 esse
537 2529 616 2587 inter
638 2529 757 2603 inpares
780 2525 901 2603 potest?
919 2559 963 2567 —
982 2525 1033 2585 sed
1051 2526 1115 2584 fato

104 2615 232 2691 quodam
251 2617 357 2676 similis
376 2636 411 2676 ex
434 2617 558 2676 diversis
578 2618 673 2676 causis
692 2618 851 2675 eontentio.
892 2616 940 2674 hie
962 2614 1116 2674 irascendo

42 2770 45 2774 Α
103 2707 240 2780 pertinax
265 2709 337 2778 erat,
360 2706 412 2764 ille
434 2707 465 2765 in
491 2705 618 2765 cedendo
643 2708 808 2764 contumax.
847 2723 1035 2780 quamquam,
1057 2705 1117 2763 nisi

174 3001 382 3068 aeportunum
400 3007 428 3051 B
499 2998 592 3052 aditus
614 3015 665 3053 om.
680 3008 713 3066 P,
735 3016 811 3067 supr.
825 3020 846 3058 p
917 2999 1016 3050 itam
1034 2999 1058 3050 si
1077 3008 1114 3066 M,

102 3086 233 3124 eoram·
267 3069 353 3123 billa
367 3079 404 3137 M,
419 3069 463 3122 vel
477 3069 582 3122 ullam
636 3069 846 3139 opoenitentia
863 3068 924 3124 Obr.
980 3074 1013 3122 13
1033 3085 1115 3138 egen·
1172 3111 1174 3114 Α

102 3141 177 3194 tiss
220 3143 249 3194 et
268 3140 445 3210 expulsums
499 3146 532 3195 15
550 3140 647 3211 {illius
661 3151 693 3194 Μ
744 3147 774 3195 et
792 3157 888 3210 saepe:
907 3141 977 3210 ΞῖθΞ
990 3149 1027 3208 M,
1046 3158 1114 3196 corr.

102 3233 133 3264 m
177 3212 338 3281 reprehensi
353 3211 411 3265 odii
431 3223 458 3266 s:
477 3212 656 3281 reprehensio
671 3213 706 3266 de
725 3234 746 3264 ω
798 3217 830 3265 1'1
849 3213 940 3280 magis
955 3212 1040 3266 debet
1057 3229 1115 3265 mo-

101 3283 179 3336 ribus
198 3292 230 3335 M
299 3283 440 3337 dissedere
463 3285 541 3338 Desa
553 3302 582 3353 p.
594 3288 642 3338 97:
667 3284 803 3338 dissidere
827 3283 892 3353 (-id-
914 3287 946 3339 ia
968 3301 1022 3338 roe.
1038 3287 1074 3351 Β)
1093 3305 1115 3335 ω

103 3359 135 3407 19
155 3370 266 3408 exerere
283 3356 371 3421 Desa,
384 3356 442 3410 coll.
454 3358 498 3421 13,
509 3360 538 3409 6:
559 3371 686 3409 exercere
701 3377 722 3407 ω
777 3359 810 3408 21
830 3355 966 3424 imparem
981 3372 1030 3410 om.
1045 3364 1067 3406 V

102 3426 292 3508 adversarium
310 3443 344 3480 erc
362 3426 418 3480 -ius
437 3428 512 3496 (ros.)
526 3435 586 3479 ΒΜ
641 3431 674 3479 23
693 3425 864 3480 humilitatis
882 3435 934 3479 BV
989 3432 1022 3480 26
1042 3426 1116 3479 inter

101 3515 201 3602 11pares
224 3534 318 3601 potest
340 3548 400 3587 esse
423 3532 463 3601 (in
481 3551 556 3602 supr.
576 3535 636 3587 alia
653 3536 737 3604 onoc.)
756 3543 778 3585 V
869 3539 901 3586 27
926 3534 956 3586 in
978 3532 1114 3586 cedendo:

101 3603 220 3658 incendo
239 3613 277 3671 153
296 3603 470 3672 incendendo
489 3613 517 3656 Ρ
