2430 3952
479 208 695 263 PRAEFATIO.
1009 209 1099 262 XXXI

74 397 188 436 nomen
207 378 276 436 dedi
289 377 482 452 ParisiniS‚
504 379 632 437 alterum
645 378 817 438 Vossianus.
851 380 903 453 qui
916 378 987 437 libri
1000 398 1099 438 recen-

72 467 168 526 sionis
192 466 420 525 fundamentum
438 462 570 525 fuerunt.
616 466 774 526 Bernensis
793 468 1008 544 discrepantias
1031 487 1099 545 gra-

72 555 174 615 viores
198 554 307 628 adieci,
336 558 370 613 ut
393 557 454 614 sint
477 556 645 630 exemplum
669 556 804 614 codicum
830 557 1017 615 deteriorum.
1063 557 1099 614 In

72 644 226 704 Vaticano
244 647 344 703 textus
363 663 422 702 non
441 645 530 703 modo
549 665 583 704 ex
599 645 723 703 arbitrio
741 646 918 704 immutatus
937 644 1100 705 sedetiam

72 733 173 792 multa
201 733 408 792 additamenta
433 753 538 810 passus
562 737 607 792 est
628 735 707 793 unde
737 735 848 809 optime
877 735 1099 794 demonstratur

73 826 224 899 quantum
237 823 372 881 homines
387 824 459 882 olim
474 823 738 882 declamationibus
754 823 894 882 delectati
907 826 974 882 sint.
1010 842 1100 898 quarn

75 913 114 972 ob
138 931 202 970 rem
226 931 302 987 quae
325 913 476 971 inculcata
495 914 573 986 sunt,
597 931 782 971 summovere
800 913 883 971 nolui
903 917 933 971 et
955 916 987 971 in
1006 932 1099 989 appa-

71 1004 174 1060 ratum
196 1003 305 1078 recepi.

141 1089 179 1149 lu
202 1090 391 1149 conficiendis
415 1090 561 1167 excerptis
580 1090 730 1166 exemplar
752 1091 931 1150 recensionis
950 1114 968 1170 y
987 1092 1097 1167 quippe

72 1197 153 1255 quae
184 1179 283 1238 medio
318 1197 392 1238 aevo
429 1181 560 1238 maxima
594 1180 774 1255 pervulgata
808 1183 898 1254 esset,
931 1179 1099 1238 adhibitum

72 1269 180 1343 fuisse,
210 1270 245 1326 ut
272 1261 484 1348 Dessauer1)
513 1271 592 1327 recte
622 1271 735 1342 monet,
767 1287 800 1327 eo
829 1268 989 1343 evincitur,
1019 1268 1099 1344 quod

72 1357 185 1416 iiltima
203 1357 458 1417 declamationum
476 1358 567 1416 verba
587 1357 629 1416 sic
646 1357 764 1416 reddita
782 1360 866 1416 sunt:
884 1375 904 1416 c
922 1362 948 1417 tc
965 1360 1097 1432 implore,

72 1465 164 1516 acor,
191 1463 229 1505 cc
252 1449 284 1504 tc
307 1448 437 1520 amplius
458 1448 600 1519 icfomim
621 1464 702 1505 coeca
728 1465 799 1506 neoc
822 1451 853 1504 lc
876 1449 1005 1520 amplius
1027 1447 1099 1520 quid

73 1535 195 1604 dicerit,
223 1527 388 1617 quaeras.²)
431 1536 538 1611 quibus
568 1536 727 1612 respondet
753 1535 843 1595 lectio
873 1536 1052 1596 recensionis
1080 1560 1098 1616 y

74 1626 127 1699 19,
149 1616 237 1705 16⁸):
260 1625 336 1684 illud
358 1629 472 1684 tantam
563 1629 719 1684 otccaor
803 1629 881 1698 pcto,
905 1644 924 1684 c
947 1629 973 1683 tc
995 1631 1097 1693 meter,

71 1715 205 1788 nequid
232 1715 361 1788 amplius
384 1731 523 1788 quaeras,
552 1718 583 1773 tc
613 1715 770 1786 infamiam
792 1731 829 1772 ae
852 1715 947 1790 dicos,
975 1733 1042 1773 cum
1065 1714 1098 1773 in

74 1802 120 1881 αβ
142 1805 276 1881 legatur:
300 1807 340 1869 tc,
363 1796 517 1883 foma[m],
539 1820 576 1861 cc
599 1804 688 1861 dicos.

141 1891 208 1950 Iam
230 1912 315 1965 vero,
343 1911 410 1951 curn
437 1893 477 1950 ad
499 1893 588 1951 finem
614 1891 729 1968 delapsi
752 1893 858 1965 01111110,
889 1891 987 1950 officio
1010 1895 1097 1968 grato

73 1983 257 2057 acceptoque
288 1983 397 2059 limgor
419 1983 533 2059 gratiam
564 1981 672 2059 agendi
700 1983 743 2039 eis
772 2000 899 2055 quorum
928 2000 983 2056 ope
1006 1985 1097 2056 atque

73 2071 187 2129 auxilio
201 2070 276 2128 mihi
290 2072 321 2128 in
341 2070 460 2130 edendis
479 2072 526 2130 his
546 2070 811 2129 declamationibus
829 2071 876 2129 uti
889 2070 983 2129 licuit.
1026 2090 1098 2146 quo·

71 2179 142 2218 rum
171 2159 204 2217 in
234 2179 359 2219 numero
389 2161 486 2236 primo
516 2161 582 2219 loco
613 2160 703 2218 affero
727 2159 901 2236 Angelum
930 2162 960 2217 et
987 2159 1097 2219 Fran-

73 2250 211 2308 ciscum
230 2248 409 2308 Dessauer
432 2249 484 2324 qui
506 2249 581 2307 mibi
599 2248 720 2325 egregia
740 2249 921 2308 liberalitate
940 2251 1031 2324 atque
1050 2267 1097 2308 co-

72 2339 183 2397 mitate
206 2337 329 2397 schedas
353 2340 443 2414 atque
462 2326 637 2397 collationes
655 2337 821 2414 Hugonis
844 2338 1023 2396 Dessauer
1046 2337 1096 2396 de-

72 2426 184 2501 functi,
212 2427 463 2486 declamationum
489 2427 596 2486 barum
624 2427 813 2503 sospitatoris
840 2427 978 2486 acerrimi
1006 2430 1097 2502 atque

72 2515 239 2575 doctissimi
258 2516 457 2591 tradiderunt,
480 2515 586 2575 deinde
606 2535 655 2575 eos
675 2516 727 2591 qui
748 2519 892 2591 praesunt
909 2515 1096 2576 bibliothecis

71 2603 298 2683 Bambergensi‚
321 2606 502 2680 Monacensi,
520 2606 672 2680 Bemensi,
695 2604 845 2681 Lipsiensi
865 2605 972 2681 quibus
996 2607 1097 2665 aucto·

71 2692 158 2753 ribus
177 2694 226 2753 vel
243 2695 498 2754 intercedentibus
516 2694 591 2753 mihi
609 2695 696 2752 licuit
713 2694 972 2772 Bambergensem‚
993 2694 1096 2753 Mona·

72 2801 192 2842 oensem
208 2784 281 2858 631,
295 2783 477 2855 Bemcnsem
485 2784 634 2856 Monachi‚
648 2783 856 2843 Monacenscm
871 2784 966 2843 denuo
976 2782 1096 2858 Lipsiae

71 2871 228 2947 inspicere,
246 2874 312 2930 tum
331 2873 546 2950 Engelbertum
559 2872 700 2948 Drerup
720 2875 771 2948 qui
789 2873 864 2932 mihi
882 2892 950 2932 eum
965 2870 1096 2931 Oxoniae

72 2963 258 3035 versaretur,
290 2981 368 3021 anno
398 2963 482 3020 1901
515 2961 551 3020 de
581 2962 695 3020 duobus
725 2960 875 3021 codicibus
906 2961 1095 3021 Saldensibus

72 3052 232 3126 quaerenti
252 3051 473 3110 accuratissime
491 3051 618 3125 rettulit,
642 3051 769 3126 denique
783 3049 970 3109 Alfredum
989 3050 1096 3109 Klotz

73 3138 289 3199 amicissimum
313 3140 364 3215 qui
391 3159 451 3198 non
479 3142 575 3199 solum
602 3140 793 3218 plagulamm
820 3140 1096 3216 perlustrandamm

71 3226 207 3287 laborem
231 3230 349 3287 strenue
368 3249 483 3288 mecum
503 3230 633 3304 suscepit
652 3229 703 3288 sed
727 3230 818 3287 etiam
837 3228 940 3287 multis
963 3230 1036 3288 locis
1060 3227 1096 3287 de

71 3319 244 3376 recensione
263 3320 353 3394 atque
377 3319 583 3377 emendatione
603 3318 853 3377 declamationum
873 3319 984 3392 optime
1008 3320 1095 3375 meri·

71 3409 123 3465 tus
146 3408 199 3465 est.

148 3543 173 3611 1)
190 3558 219 3611 p.
235 3546 278 3595 es.
352 3544 379 3611 1)
397 3561 424 3612 p.
440 3547 502 3608 430,
517 3547 560 3594 11.
633 3546 659 3610 a)
678 3558 704 3609 p.
714 3521 781 3606 ael,
798 3546 839 3594 aa
