<?xml version="1.0" encoding="UTF-8"?>
<!DOCTYPE html PUBLIC "-//W3C//DTD XHTML 1.0 Transitional//EN"
    "http://www.w3.org/TR/xhtml1/DTD/xhtml1-transitional.dtd">
<html xmlns="http://www.w3.org/1999/xhtml" xml:lang="en" lang="en">
 <head>
  <title>
</title>
<meta http-equiv="Content-Type" content="text/html;charset=utf-8" />
  <meta name='ocr-system' content='tesseract 3.04.00' />
  <meta name='ocr-capabilities' content='ocr_page ocr_carea ocr_par ocr_line ocrx_word'/>
</head>
<body>
  <div class='ocr_page' id='page_1' title='image "./qvintilianiqvae00quingoog_0417.png"; bbox 0 0 2430 3952; ppageno 0'>
   <div class='ocr_carea' id='block_1_1' title="bbox 404 174 1104 269">
    <p class='ocr_par' dir='ltr' id='par_1_1' title="bbox 404 174 1104 269">
     <span class='ocr_line' id='line_1_1' title="bbox 404 174 1104 269; baseline 0.004 -12"><span class='ocrx_word' id='word_1_1' title='bbox 404 209 410 214; x_wconf 88' lang='lat'>·</span> <span class='ocrx_word' id='word_1_2' title='bbox 444 203 678 259; x_wconf 74' lang='lat' dir='ltr'><strong>buccinium</strong></span> <span class='ocrx_word' id='word_1_3' title='bbox 697 204 755 259; x_wconf 77' lang='grc' dir='ltr'><strong>ΧΠ.</strong></span> <span class='ocrx_word' id='word_1_4' title='bbox 983 174 985 179; x_wconf 44' lang='lat'><strong>⁴</strong></span> <span class='ocrx_word' id='word_1_5' title='bbox 1040 204 1104 269; x_wconf 77' lang='lat'><strong>377</strong></span> 
     </span>
    </p>
   </div>
   <div class='ocr_carea' id='block_1_2' title="bbox 56 374 1177 3477">
    <p class='ocr_par' dir='ltr' id='par_1_2' title="bbox 56 374 1177 2213">
     <span class='ocr_line' id='line_1_2' title="bbox 94 374 1108 450; baseline 0 -18"><span class='ocrx_word' id='word_1_6' title='bbox 94 376 210 434; x_wconf 88' lang='lat' dir='ltr'><strong>nostros</strong></span> <span class='ocrx_word' id='word_1_7' title='bbox 234 374 390 448; x_wconf 86' lang='lat' dir='ltr'><strong>efferimus,</strong></span> <span class='ocrx_word' id='word_1_8' title='bbox 413 375 527 433; x_wconf 86' lang='lat' dir='ltr'><strong>viscera</strong></span> <span class='ocrx_word' id='word_1_9' title='bbox 551 374 717 449; x_wconf 82' lang='lat' dir='ltr'><strong>sepelimus</strong></span> <span class='ocrx_word' id='word_1_10' title='bbox 763 391 833 431; x_wconf 90' lang='lat' dir='ltr'><strong>nam</strong></span> <span class='ocrx_word' id='word_1_11' title='bbox 857 376 955 432; x_wconf 84' lang='lat' dir='ltr'><strong>cetera</strong></span> <span class='ocrx_word' id='word_1_12' title='bbox 977 393 1053 450; x_wconf 90' lang='lat' dir='ltr'><strong>quae</strong></span> <span class='ocrx_word' id='word_1_13' title='bbox 1075 374 1108 432; x_wconf 90' lang='lat' dir='ltr'><strong>in</strong></span> 
     </span>
     <span class='ocr_line' id='line_1_3' title="bbox 95 462 1177 538; baseline 0.001 -17"><span class='ocrx_word' id='word_1_14' title='bbox 95 464 310 522; x_wconf 86' lang='lat' dir='ltr'><strong>nutrimentum</strong></span> <span class='ocrx_word' id='word_1_15' title='bbox 329 481 470 523; x_wconf 85' lang='lat' dir='ltr'><strong>conversa</strong></span> <span class='ocrx_word' id='word_1_16' title='bbox 489 464 567 538; x_wconf 88' lang='lat' dir='ltr'><strong>sunt,</strong></span> <span class='ocrx_word' id='word_1_17' title='bbox 589 462 744 522; x_wconf 89' lang='lat' dir='ltr'><strong>nobiscum</strong></span> <span class='ocrx_word' id='word_1_18' title='bbox 765 463 954 538; x_wconf 79' lang='lat' dir='ltr'><strong>sepelientur.</strong></span> <span class='ocrx_word' id='word_1_19' title='bbox 1000 466 1033 522; x_wconf 92' lang='lat' dir='ltr'><strong>at</strong></span> <span class='ocrx_word' id='word_1_20' title='bbox 1050 465 1108 522; x_wconf 84' lang='lat' dir='ltr'><strong>iste</strong></span> <span class='ocrx_word' id='word_1_21' title='bbox 1172 476 1177 483; x_wconf 84' lang='lat'>&#39;</span> 
     </span>
     <span class='ocr_line' id='line_1_4' title="bbox 94 545 1108 630; baseline 0 -20"><span class='ocrx_word' id='word_1_22' title='bbox 94 554 216 610; x_wconf 79' lang='lat' dir='ltr'><strong>interim</strong></span> <span class='ocrx_word' id='word_1_23' title='bbox 238 555 314 626; x_wconf 88' lang='lat' dir='ltr'><strong>stat,</strong></span> <span class='ocrx_word' id='word_1_24' title='bbox 337 554 372 610; x_wconf 90' lang='lat' dir='ltr'><strong>ut</strong></span> <span class='ocrx_word' id='word_1_25' title='bbox 394 552 516 627; x_wconf 82' lang='lat' dir='ltr'><strong>videtis,</strong></span> <span class='ocrx_word' id='word_1_26' title='bbox 544 545 689 630; x_wconf 81' lang='lat' dir='ltr'><strong>long[u]c</strong></span> <span class='ocrx_word' id='word_1_27' title='bbox 710 551 761 610; x_wconf 89' lang='lat' dir='ltr'><strong>via</strong></span> <span class='ocrx_word' id='word_1_28' title='bbox 787 553 940 630; x_wconf 82' lang='lat' dir='ltr'><strong>saginatus</strong></span> <span class='ocrx_word' id='word_1_29' title='bbox 964 553 994 611; x_wconf 90' lang='lat' dir='ltr'><strong>et</strong></span> <span class='ocrx_word' id='word_1_30' title='bbox 1016 555 1108 611; x_wconf 89' lang='lat' dir='ltr'><strong>satur.</strong></span> 
     </span>
     <span class='ocr_line' id='line_1_5' title="bbox 95 640 1109 716; baseline 0.002 -18"><span class='ocrx_word' id='word_1_31' title='bbox 95 659 174 699; x_wconf 88' lang='lat' dir='ltr'><strong>nunc</strong></span> <span class='ocrx_word' id='word_1_32' title='bbox 196 641 281 701; x_wconf 90' lang='lat' dir='ltr'><strong>nobis</strong></span> <span class='ocrx_word' id='word_1_33' title='bbox 305 642 489 700; x_wconf 83' lang='lat' dir='ltr'><strong>frumentum</strong></span> <span class='ocrx_word' id='word_1_34' title='bbox 508 641 612 700; x_wconf 88' lang='lat' dir='ltr'><strong>attulit</strong></span> <span class='ocrx_word' id='word_1_35' title='bbox 635 641 686 716; x_wconf 90' lang='lat' dir='ltr'><strong>qui</strong></span> <span class='ocrx_word' id='word_1_36' title='bbox 704 642 794 716; x_wconf 93' lang='lat' dir='ltr'><strong>pauci</strong></span> <span class='ocrx_word' id='word_1_37' title='bbox 816 659 926 715; x_wconf 89' lang='lat' dir='ltr'><strong>sumus,</strong></span> <span class='ocrx_word' id='word_1_38' title='bbox 949 640 1109 700; x_wconf 79' lang='lat' dir='ltr'><strong>sceleribus</strong></span> 
     </span>
     <span class='ocr_line' id='line_1_6' title="bbox 69 723 1109 808; baseline -0.004 -16"><span class='ocrx_word' id='word_1_39' title='bbox 69 732 185 805; x_wconf 75' lang='lat' dir='ltr'><strong>spasti,</strong></span> <span class='ocrx_word' id='word_1_40' title='bbox 208 730 314 790; x_wconf 88' lang='lat' dir='ltr'><strong>alienis</strong></span> <span class='ocrx_word' id='word_1_41' title='bbox 332 730 478 789; x_wconf 90' lang='lat' dir='ltr'><strong>mortibus</strong></span> <span class='ocrx_word' id='word_1_42' title='bbox 497 731 582 790; x_wconf 83' lang='lat' dir='ltr'><strong>salvi.</strong></span> <span class='ocrx_word' id='word_1_43' title='bbox 619 723 690 808; x_wconf 87' lang='lat' dir='ltr'><strong>hi[i]</strong></span> <span class='ocrx_word' id='word_1_44' title='bbox 710 731 781 788; x_wconf 90' lang='lat' dir='ltr'><strong>sunt</strong></span> <span class='ocrx_word' id='word_1_45' title='bbox 802 729 914 788; x_wconf 84' lang='lat' dir='ltr'><strong>residui</strong></span> <span class='ocrx_word' id='word_1_46' title='bbox 933 730 985 805; x_wconf 90' lang='lat' dir='ltr'><strong>qui</strong></span> <span class='ocrx_word' id='word_1_47' title='bbox 1002 730 1109 789; x_wconf 75' lang='lat' dir='ltr'><strong>uiuimt</strong></span> 
     </span>
     <span class='ocr_line' id='line_1_7' title="bbox 95 818 1110 896; baseline 0 -19"><span class='ocrx_word' id='word_1_48' title='bbox 95 819 155 895; x_wconf 90' lang='lat' dir='ltr'><strong>ipsi</strong></span> <span class='ocrx_word' id='word_1_49' title='bbox 177 819 234 878; x_wconf 92' lang='lat' dir='ltr'><strong>sibi</strong></span> <span class='ocrx_word' id='word_1_50' title='bbox 252 821 306 893; x_wconf 89' lang='lat' dir='ltr'><strong>rei,</strong></span> <span class='ocrx_word' id='word_1_51' title='bbox 329 837 448 896; x_wconf 73' lang='lat' dir='ltr'><strong>graves,</strong></span> <span class='ocrx_word' id='word_1_52' title='bbox 470 838 562 896; x_wconf 85' lang='lat' dir='ltr'><strong>aegra</strong></span> <span class='ocrx_word' id='word_1_53' title='bbox 580 821 610 878; x_wconf 90' lang='lat' dir='ltr'><strong>et</strong></span> <span class='ocrx_word' id='word_1_54' title='bbox 628 818 732 878; x_wconf 78' lang='lat' dir='ltr'><strong>tabida</strong></span> <span class='ocrx_word' id='word_1_55' title='bbox 751 819 885 878; x_wconf 90' lang='lat' dir='ltr'><strong>membra</strong></span> <span class='ocrx_word' id='word_1_56' title='bbox 902 819 934 876; x_wconf 89' lang='lat' dir='ltr'><strong>in</strong></span> <span class='ocrx_word' id='word_1_57' title='bbox 956 818 1110 894; x_wconf 90' lang='lat' dir='ltr'><strong>publicum</strong></span> 
     </span>
     <span class='ocr_line' id='line_1_8' title="bbox 94 901 1109 987; baseline -0.001 -21"><span class='ocrx_word' id='word_1_58' title='bbox 94 909 291 983; x_wconf 85' lang='lat' dir='ltr'><strong>protulerunt.</strong></span> <span class='ocrx_word' id='word_1_59' title='bbox 343 901 445 987; x_wconf 85' lang='lat' dir='ltr'><strong>hae[c]</strong></span> <span class='ocrx_word' id='word_1_60' title='bbox 474 911 544 968; x_wconf 87' lang='lat' dir='ltr'><strong>suut</strong></span> <span class='ocrx_word' id='word_1_61' title='bbox 572 909 704 967; x_wconf 82' lang='lat' dir='ltr'><strong>ciuitatis</strong></span> <span class='ocrx_word' id='word_1_62' title='bbox 726 907 871 982; x_wconf 77' lang='lat' dir='ltr'><strong>reliquiae</strong></span> <span class='ocrx_word' id='word_1_63' title='bbox 895 925 969 982; x_wconf 91' lang='lat' dir='ltr'><strong>quas</strong></span> <span class='ocrx_word' id='word_1_64' title='bbox 992 907 1109 967; x_wconf 83' lang='lat' dir='ltr'><strong>uidetis.</strong></span> 
     </span>
     <span class='ocr_line' id='line_1_9' title="bbox 96 996 1110 1072; baseline -0.001 -17"><span class='ocrx_word' id='word_1_65' title='bbox 96 998 138 1056; x_wconf 88' lang='lat' dir='ltr'><strong>sic</strong></span> <span class='ocrx_word' id='word_1_66' title='bbox 160 996 320 1072; x_wconf 87' lang='lat' dir='ltr'><strong>tabuimus,</strong></span> <span class='ocrx_word' id='word_1_67' title='bbox 342 999 377 1055; x_wconf 89' lang='lat' dir='ltr'><strong>ut</strong></span> <span class='ocrx_word' id='word_1_68' title='bbox 399 998 501 1056; x_wconf 90' lang='lat' dir='ltr'><strong>miseri</strong></span> <span class='ocrx_word' id='word_1_69' title='bbox 522 1015 575 1056; x_wconf 88' lang='lat' dir='ltr'><strong>neo</strong></span> <span class='ocrx_word' id='word_1_70' title='bbox 599 998 683 1057; x_wconf 83' lang='lat' dir='ltr'><strong>vivos</strong></span> <span class='ocrx_word' id='word_1_71' title='bbox 706 996 868 1055; x_wconf 89' lang='lat' dir='ltr'><strong>habeamus</strong></span> <span class='ocrx_word' id='word_1_72' title='bbox 891 1015 945 1055; x_wconf 88' lang='lat' dir='ltr'><strong>nec</strong></span> <span class='ocrx_word' id='word_1_73' title='bbox 967 998 1110 1056; x_wconf 87' lang='lat' dir='ltr'><strong>mortuos.</strong></span> 
     </span>
     <span class='ocr_line' id='line_1_10' title="bbox 95 1085 1109 1163; baseline 0 -19"><span class='ocrx_word' id='word_1_74' title='bbox 95 1087 224 1144; x_wconf 88' lang='lat' dir='ltr'><strong>multum</strong></span> <span class='ocrx_word' id='word_1_75' title='bbox 251 1088 454 1163; x_wconf 75' lang='lat' dir='ltr'><strong>negotiatione</strong></span> <span class='ocrx_word' id='word_1_76' title='bbox 483 1089 537 1144; x_wconf 88' lang='lat' dir='ltr'><strong>tua</strong></span> <span class='ocrx_word' id='word_1_77' title='bbox 567 1089 668 1145; x_wconf 86' lang='lat' dir='ltr'><strong>actum</strong></span> <span class='ocrx_word' id='word_1_78' title='bbox 698 1089 749 1145; x_wconf 86' lang='lat' dir='ltr'><strong>est.</strong></span> <span class='ocrx_word' id='word_1_79' title='bbox 795 1086 978 1144; x_wconf 85' lang='lat' dir='ltr'><strong>frumentum</strong></span> <span class='ocrx_word' id='word_1_80' title='bbox 1006 1085 1109 1160; x_wconf 88' lang='lat' dir='ltr'><strong>habeo,</strong></span> 
     </span>
     <span class='ocr_line' id='line_1_11' title="bbox 56 1175 1110 1252; baseline -0.003 -15"><span class='ocrx_word' id='word_1_81' title='bbox 56 1197 82 1237; x_wconf 81' lang='grc' dir='ltr'><strong>ιο</strong></span> <span class='ocrx_word' id='word_1_82' title='bbox 94 1175 239 1251; x_wconf 86' lang='lat' dir='ltr'><strong>populum</strong></span> <span class='ocrx_word' id='word_1_83' title='bbox 257 1194 317 1234; x_wconf 87' lang='lat' dir='ltr'><strong>non</strong></span> <span class='ocrx_word' id='word_1_84' title='bbox 334 1175 437 1235; x_wconf 89' lang='lat' dir='ltr'><strong>habeo.</strong></span> <span class='ocrx_word' id='word_1_85' title='bbox 464 1194 626 1252; x_wconf 77' lang='lat' dir='ltr'><strong>nusquam</strong></span> <span class='ocrx_word' id='word_1_86' title='bbox 645 1175 775 1251; x_wconf 89' lang='lat' dir='ltr'><strong>prodest,</strong></span> <span class='ocrx_word' id='word_1_87' title='bbox 793 1194 940 1250; x_wconf 85' lang='lat' dir='ltr'><strong>nusquam</strong></span> <span class='ocrx_word' id='word_1_88' title='bbox 959 1193 1032 1249; x_wconf 90' lang='lat' dir='ltr'><strong>opus</strong></span> <span class='ocrx_word' id='word_1_89' title='bbox 1056 1177 1110 1234; x_wconf 84' lang='lat' dir='ltr'><strong>est.</strong></span> 
     </span>
     <span class='ocr_line' id='line_1_12' title="bbox 95 1263 1109 1340; baseline 0.001 -19"><span class='ocrx_word' id='word_1_90' title='bbox 95 1265 157 1322; x_wconf 93' lang='lat' dir='ltr'><strong>iam</strong></span> <span class='ocrx_word' id='word_1_91' title='bbox 178 1265 250 1323; x_wconf 89' lang='lat' dir='ltr'><strong>licet</strong></span> <span class='ocrx_word' id='word_1_92' title='bbox 277 1264 395 1324; x_wconf 86' lang='lat' dir='ltr'><strong>vendas.</strong></span> <span class='ocrx_word' id='word_1_93' title='bbox 441 1265 512 1322; x_wconf 90' lang='lat' dir='ltr'><strong>dum</strong></span> <span class='ocrx_word' id='word_1_94' title='bbox 539 1267 588 1338; x_wconf 89' lang='lat' dir='ltr'><strong>tu,</strong></span> <span class='ocrx_word' id='word_1_95' title='bbox 620 1265 726 1324; x_wconf 87' lang='lat' dir='ltr'><strong>salutis</strong></span> <span class='ocrx_word' id='word_1_96' title='bbox 755 1263 892 1340; x_wconf 89' lang='lat' dir='ltr'><strong>publicae</strong></span> <span class='ocrx_word' id='word_1_97' title='bbox 919 1263 1109 1338; x_wconf 86' lang='lat' dir='ltr'><strong>nundinator,</strong></span> 
     </span>
     <span class='ocr_line' id='line_1_13' title="bbox 95 1352 1111 1429; baseline 0.001 -18"><span class='ocrx_word' id='word_1_98' title='bbox 95 1354 264 1429; x_wconf 84' lang='lat' dir='ltr'><strong>proximum</strong></span> <span class='ocrx_word' id='word_1_99' title='bbox 292 1371 437 1428; x_wconf 87' lang='lat' dir='ltr'><strong>quemque</strong></span> <span class='ocrx_word' id='word_1_100' title='bbox 466 1355 630 1428; x_wconf 89' lang='lat' dir='ltr'><strong>emptorem</strong></span> <span class='ocrx_word' id='word_1_101' title='bbox 658 1352 798 1428; x_wconf 86' lang='lat' dir='ltr'><strong>dimittis,</strong></span> <span class='ocrx_word' id='word_1_102' title='bbox 828 1352 898 1410; x_wconf 91' lang='lat' dir='ltr'><strong>dum</strong></span> <span class='ocrx_word' id='word_1_103' title='bbox 926 1355 979 1411; x_wconf 87' lang='lat' dir='ltr'><strong>aut</strong></span> <span class='ocrx_word' id='word_1_104' title='bbox 1004 1353 1111 1412; x_wconf 85' lang='lat' dir='ltr'><strong>funera</strong></span> 
     </span>
     <span class='ocr_line' id='line_1_14' title="bbox 96 1441 1110 1517; baseline 0.001 -17"><span class='ocrx_word' id='word_1_105' title='bbox 96 1443 199 1500; x_wconf 85' lang='lat' dir='ltr'><strong>nostra</strong></span> <span class='ocrx_word' id='word_1_106' title='bbox 222 1441 325 1500; x_wconf 89' lang='lat' dir='ltr'><strong>vendis</strong></span> <span class='ocrx_word' id='word_1_107' title='bbox 344 1445 397 1500; x_wconf 89' lang='lat' dir='ltr'><strong>aut</strong></span> <span class='ocrx_word' id='word_1_108' title='bbox 421 1442 539 1517; x_wconf 85' lang='lat' dir='ltr'><strong>scelere,</strong></span> <span class='ocrx_word' id='word_1_109' title='bbox 563 1441 633 1500; x_wconf 90' lang='lat' dir='ltr'><strong>dum</strong></span> <span class='ocrx_word' id='word_1_110' title='bbox 652 1441 764 1517; x_wconf 92' lang='lat' dir='ltr'><strong>populo</strong></span> <span class='ocrx_word' id='word_1_111' title='bbox 787 1444 840 1501; x_wconf 90' lang='lat' dir='ltr'><strong>tuo</strong></span> <span class='ocrx_word' id='word_1_112' title='bbox 863 1441 942 1500; x_wconf 89' lang='lat' dir='ltr'><strong>fame</strong></span> <span class='ocrx_word' id='word_1_113' title='bbox 965 1443 1110 1501; x_wconf 88' lang='lat' dir='ltr'><strong>moriente</strong></span> 
     </span>
     <span class='ocr_line' id='line_1_15' title="bbox 96 1530 1112 1608; baseline 0 -19"><span class='ocrx_word' id='word_1_114' title='bbox 96 1530 212 1589; x_wconf 87' lang='lat' dir='ltr'><strong>alienae</strong></span> <span class='ocrx_word' id='word_1_115' title='bbox 235 1531 353 1589; x_wconf 82' lang='lat' dir='ltr'><strong>civitati</strong></span> <span class='ocrx_word' id='word_1_116' title='bbox 375 1531 492 1608; x_wconf 85' lang='lat' dir='ltr'><strong>legatus</strong></span> <span class='ocrx_word' id='word_1_117' title='bbox 515 1549 545 1589; x_wconf 91' lang='lat' dir='ltr'><strong>es</strong></span> <span class='ocrx_word' id='word_1_118' title='bbox 564 1531 675 1605; x_wconf 88' lang='lat' dir='ltr'><strong>factus,</strong></span> <span class='ocrx_word' id='word_1_119' title='bbox 698 1548 751 1590; x_wconf 90' lang='lat' dir='ltr'><strong>nos</strong></span> <span class='ocrx_word' id='word_1_120' title='bbox 770 1530 891 1590; x_wconf 89' lang='lat' dir='ltr'><strong>interim</strong></span> <span class='ocrx_word' id='word_1_121' title='bbox 913 1531 1057 1589; x_wconf 89' lang='lat' dir='ltr'><strong>morimur</strong></span> <span class='ocrx_word' id='word_1_122' title='bbox 1080 1533 1112 1590; x_wconf 88' lang='lat' dir='ltr'><strong>et</strong></span> 
     </span>
     <span class='ocr_line' id='line_1_16' title="bbox 56 1619 1112 1695; baseline -0.003 -14"><span class='ocrx_word' id='word_1_123' title='bbox 56 1619 224 1682; x_wconf 75' lang='lat' dir='ltr'><strong>revisimus</strong></span> <span class='ocrx_word' id='word_1_124' title='bbox 259 1621 403 1679; x_wconf 87' lang='lat' dir='ltr'><strong>scelerati.</strong></span> <span class='ocrx_word' id='word_1_125' title='bbox 456 1621 518 1678; x_wconf 89' lang='lat' dir='ltr'><strong>iam</strong></span> <span class='ocrx_word' id='word_1_126' title='bbox 547 1638 607 1678; x_wconf 90' lang='lat' dir='ltr'><strong>non</strong></span> <span class='ocrx_word' id='word_1_127' title='bbox 636 1620 696 1678; x_wconf 84' lang='lat' dir='ltr'><strong>fuit</strong></span> <span class='ocrx_word' id='word_1_128' title='bbox 735 1639 787 1679; x_wconf 88' lang='lat' dir='ltr'><strong>cur</strong></span> <span class='ocrx_word' id='word_1_129' title='bbox 820 1620 988 1695; x_wconf 78' lang='lat' dir='ltr'><strong>festinaret3</strong></span> <span class='ocrx_word' id='word_1_130' title='bbox 1019 1619 1112 1678; x_wconf 84' lang='lat' dir='ltr'><strong>etiam</strong></span> 
     </span>
     <span class='ocr_line' id='line_1_17' title="bbox 96 1708 1111 1784; baseline 0.003 -19"><span class='ocrx_word' id='word_1_131' title='bbox 96 1726 175 1766; x_wconf 89' lang='lat' dir='ltr'><strong>nunc</strong></span> <span class='ocrx_word' id='word_1_132' title='bbox 203 1711 372 1784; x_wconf 86' lang='lat' dir='ltr'><strong>exspectare</strong></span> <span class='ocrx_word' id='word_1_133' title='bbox 399 1710 579 1784; x_wconf 88' lang='lat' dir='ltr'><strong>poteramus.</strong></span> <span class='ocrx_word' id='word_1_134' title='bbox 625 1708 689 1768; x_wconf 90' lang='lat' dir='ltr'><strong>sola</strong></span> <span class='ocrx_word' id='word_1_135' title='bbox 718 1712 764 1767; x_wconf 90' lang='lat' dir='ltr'><strong>est</strong></span> <span class='ocrx_word' id='word_1_136' title='bbox 793 1710 873 1767; x_wconf 90' lang='lat' dir='ltr'><strong>enim</strong></span> <span class='ocrx_word' id='word_1_137' title='bbox 900 1709 1005 1768; x_wconf 83' lang='lat' dir='ltr'><strong>ciuitas</strong></span> <span class='ocrx_word' id='word_1_138' title='bbox 1035 1727 1111 1783; x_wconf 89' lang='lat' dir='ltr'><strong>quae</strong></span> 
     </span>
     <span class='ocr_line' id='line_1_18' title="bbox 96 1797 1112 1875; baseline 0.003 -21"><span class='ocrx_word' id='word_1_139' title='bbox 96 1797 175 1855; x_wconf 85' lang='lat' dir='ltr'><strong>fame</strong></span> <span class='ocrx_word' id='word_1_140' title='bbox 194 1799 291 1872; x_wconf 85' lang='lat' dir='ltr'><strong>perire</strong></span> <span class='ocrx_word' id='word_1_141' title='bbox 313 1816 374 1856; x_wconf 91' lang='lat' dir='ltr'><strong>non</strong></span> <span class='ocrx_word' id='word_1_142' title='bbox 396 1799 500 1874; x_wconf 90' lang='lat' dir='ltr'><strong>possit.</strong></span> <span class='ocrx_word' id='word_1_143' title='bbox 545 1799 639 1875; x_wconf 83' lang='lat' dir='ltr'><strong>igitur</strong></span> <span class='ocrx_word' id='word_1_144' title='bbox 658 1816 712 1874; x_wconf 85' lang='lat' dir='ltr'><strong>ego</strong></span> <span class='ocrx_word' id='word_1_145' title='bbox 736 1799 826 1856; x_wconf 87' lang='lat' dir='ltr'><strong>miser</strong></span> <span class='ocrx_word' id='word_1_146' title='bbox 844 1797 1005 1857; x_wconf 89' lang='lat' dir='ltr'><strong>advocatus</strong></span> <span class='ocrx_word' id='word_1_147' title='bbox 1024 1798 1112 1857; x_wconf 88' lang='lat' dir='ltr'><strong>mise·</strong></span> 
     </span>
     <span class='ocr_line' id='line_1_19' title="bbox 96 1881 1112 1965; baseline 0.001 -22"><span class='ocrx_word' id='word_1_148' title='bbox 96 1906 197 1944; x_wconf 89' lang='lat' dir='ltr'><strong>rorum</strong></span> <span class='ocrx_word' id='word_1_149' title='bbox 215 1887 294 1946; x_wconf 89' lang='lat' dir='ltr'><strong>fame</strong></span> <span class='ocrx_word' id='word_1_150' title='bbox 313 1889 343 1945; x_wconf 88' lang='lat' dir='ltr'><strong>et</strong></span> <span class='ocrx_word' id='word_1_151' title='bbox 360 1887 462 1946; x_wconf 89' lang='lat' dir='ltr'><strong>inedia</strong></span> <span class='ocrx_word' id='word_1_152' title='bbox 479 1888 663 1945; x_wconf 89' lang='lat' dir='ltr'><strong>mortuorum</strong></span> <span class='ocrx_word' id='word_1_153' title='bbox 682 1888 712 1945; x_wconf 88' lang='lat' dir='ltr'><strong>et</strong></span> <span class='ocrx_word' id='word_1_154' title='bbox 730 1881 946 1965; x_wconf 88' lang='lat' dir='ltr'><strong>miser[i]orum</strong></span> <span class='ocrx_word' id='word_1_155' title='bbox 969 1887 1112 1962; x_wconf 89' lang='lat' dir='ltr'><strong>qualiter·</strong></span> 
     </span>
     <span class='ocr_line' id='line_1_20' title="bbox 97 1975 1113 2052; baseline 0.003 -20"><span class='ocrx_word' id='word_1_156' title='bbox 97 1993 221 2050; x_wconf 90' lang='lat' dir='ltr'><strong>cumque</strong></span> <span class='ocrx_word' id='word_1_157' title='bbox 251 1977 418 2034; x_wconf 84' lang='lat' dir='ltr'><strong>viventium</strong></span> <span class='ocrx_word' id='word_1_158' title='bbox 450 1975 607 2035; x_wconf 82' lang='lat' dir='ltr'><strong>sceleribus</strong></span> <span class='ocrx_word' id='word_1_159' title='bbox 637 1979 804 2052; x_wconf 86' lang='lat' dir='ltr'><strong>pastorum,</strong></span> <span class='ocrx_word' id='word_1_160' title='bbox 833 1977 988 2051; x_wconf 92' lang='lat' dir='ltr'><strong>publicum</strong></span> <span class='ocrx_word' id='word_1_161' title='bbox 1017 1976 1113 2035; x_wconf 89' lang='lat' dir='ltr'><strong>scelus</strong></span> 
     </span>
     <span class='ocr_line' id='line_1_21' title="bbox 56 2064 1113 2141; baseline -0.002 -15"><span class='ocrx_word' id='word_1_162' title='bbox 56 2085 83 2126; x_wconf 82' lang='lat' dir='ltr'><strong>so</strong></span> <span class='ocrx_word' id='word_1_163' title='bbox 97 2064 144 2139; x_wconf 79' lang='lat' dir='ltr'><strong>ab¹</strong></span> <span class='ocrx_word' id='word_1_164' title='bbox 164 2067 223 2123; x_wconf 88' lang='lat' dir='ltr'><strong>isto</strong></span> <span class='ocrx_word' id='word_1_165' title='bbox 253 2065 373 2140; x_wconf 88' lang='lat' dir='ltr'><strong>requiro</strong></span> <span class='ocrx_word' id='word_1_166' title='bbox 403 2067 434 2124; x_wconf 90' lang='lat' dir='ltr'><strong>et</strong></span> <span class='ocrx_word' id='word_1_167' title='bbox 462 2083 517 2140; x_wconf 92' lang='lat' dir='ltr'><strong>pro</strong></span> <span class='ocrx_word' id='word_1_168' title='bbox 548 2065 684 2124; x_wconf 88' lang='lat' dir='ltr'><strong>omnibus</strong></span> <span class='ocrx_word' id='word_1_169' title='bbox 715 2068 870 2123; x_wconf 83' lang='lat' dir='ltr'><strong>nocentem</strong></span> <span class='ocrx_word' id='word_1_170' title='bbox 901 2067 946 2123; x_wconf 89' lang='lat' dir='ltr'><strong>rei</strong></span> <span class='ocrx_word' id='word_1_171' title='bbox 974 2064 1113 2141; x_wconf 86' lang='lat' dir='ltr'><strong>publicae</strong></span> 
     </span>
     <span class='ocr_line' id='line_1_22' title="bbox 98 2171 211 2213; baseline 0.018 -2"><span class='ocrx_word' id='word_1_172' title='bbox 98 2171 211 2213; x_wconf 88' lang='lat' dir='ltr'><strong>accuso.</strong></span> 
     </span>
    </p>

    <p class='ocr_par' dir='ltr' id='par_1_3' title="bbox 98 2242 1112 2499">
     <span class='ocr_line' id='line_1_23' title="bbox 163 2242 1111 2321; baseline 0.001 -21"><span class='ocrx_word' id='word_1_173' title='bbox 163 2242 301 2319; x_wconf 80' lang='lat' dir='ltr'><strong>Respice,</strong></span> <span class='ocrx_word' id='word_1_174' title='bbox 332 2244 443 2321; x_wconf 81' lang='lat' dir='ltr'><strong>legate,</strong></span> <span class='ocrx_word' id='word_1_175' title='bbox 480 2243 577 2318; x_wconf 89' lang='lat' dir='ltr'><strong>qualis</strong></span> <span class='ocrx_word' id='word_1_176' title='bbox 612 2244 653 2302; x_wconf 87' lang='lat' dir='ltr'><strong>sit</strong></span> <span class='ocrx_word' id='word_1_177' title='bbox 681 2242 800 2302; x_wconf 89' lang='lat' dir='ltr'><strong>residua</strong></span> <span class='ocrx_word' id='word_1_178' title='bbox 835 2243 933 2302; x_wconf 89' lang='lat' dir='ltr'><strong>contio</strong></span> <span class='ocrx_word' id='word_1_179' title='bbox 968 2243 1111 2318; x_wconf 75' lang='lat' dir='ltr'><strong>ciuitatis,</strong></span> 
     </span>
     <span class='ocr_line' id='line_1_24' title="bbox 98 2331 1112 2408; baseline 0.001 -19"><span class='ocrx_word' id='word_1_180' title='bbox 98 2349 204 2389; x_wconf 83' lang='lat' dir='ltr'><strong>cauum</strong></span> <span class='ocrx_word' id='word_1_181' title='bbox 227 2332 321 2391; x_wconf 90' lang='lat' dir='ltr'><strong>macie</strong></span> <span class='ocrx_word' id='word_1_182' title='bbox 345 2335 435 2407; x_wconf 88' lang='lat' dir='ltr'><strong>caput</strong></span> <span class='ocrx_word' id='word_1_183' title='bbox 462 2335 492 2391; x_wconf 92' lang='lat' dir='ltr'><strong>et</strong></span> <span class='ocrx_word' id='word_1_184' title='bbox 519 2331 654 2391; x_wconf 89' lang='lat' dir='ltr'><strong>conditos</strong></span> <span class='ocrx_word' id='word_1_185' title='bbox 676 2333 795 2408; x_wconf 90' lang='lat' dir='ltr'><strong>penitus</strong></span> <span class='ocrx_word' id='word_1_186' title='bbox 827 2332 927 2390; x_wconf 89' lang='lat' dir='ltr'><strong>oculos</strong></span> <span class='ocrx_word' id='word_1_187' title='bbox 956 2333 986 2390; x_wconf 89' lang='lat' dir='ltr'><strong>et</strong></span> <span class='ocrx_word' id='word_1_188' title='bbox 1011 2331 1112 2390; x_wconf 81' lang='lat' dir='ltr'><strong>laxum</strong></span> 
     </span>
     <span class='ocr_line' id='line_1_25' title="bbox 99 2421 1112 2499; baseline 0.001 -21"><span class='ocrx_word' id='word_1_189' title='bbox 99 2422 210 2495; x_wconf 89' lang='lat' dir='ltr'><strong>cutem,</strong></span> <span class='ocrx_word' id='word_1_190' title='bbox 236 2421 330 2481; x_wconf 89' lang='lat' dir='ltr'><strong>nudos</strong></span> <span class='ocrx_word' id='word_1_191' title='bbox 353 2421 445 2481; x_wconf 88' lang='lat' dir='ltr'><strong>labris</strong></span> <span class='ocrx_word' id='word_1_192' title='bbox 473 2421 668 2480; x_wconf 87' lang='lat' dir='ltr'><strong>trementibus</strong></span> <span class='ocrx_word' id='word_1_193' title='bbox 695 2421 797 2480; x_wconf 89' lang='lat' dir='ltr'><strong>dentes</strong></span> <span class='ocrx_word' id='word_1_194' title='bbox 824 2423 971 2499; x_wconf 83' lang='lat' dir='ltr'><strong>rigentem</strong></span> <span class='ocrx_word' id='word_1_195' title='bbox 992 2421 1112 2480; x_wconf 70' lang='lat' dir='ltr'><strong>uultum</strong></span> 
     </span>
    </p>

    <p class='ocr_par' dir='ltr' id='par_1_4' title="bbox 57 2509 1113 3477">
     <span class='ocr_line' id='line_1_26' title="bbox 57 2509 1113 2586; baseline -0.003 -15"><span class='ocrx_word' id='word_1_196' title='bbox 57 2530 84 2571; x_wconf 78' lang='lat' dir='ltr'><strong>ss</strong></span> <span class='ocrx_word' id='word_1_197' title='bbox 98 2510 129 2566; x_wconf 88' lang='lat' dir='ltr'><strong>et</strong></span> <span class='ocrx_word' id='word_1_198' title='bbox 152 2509 310 2568; x_wconf 85' lang='lat' dir='ltr'><strong>destitutas</strong></span> <span class='ocrx_word' id='word_1_199' title='bbox 329 2527 420 2586; x_wconf 84' lang='lat' dir='ltr'><strong>genes</strong></span> <span class='ocrx_word' id='word_1_200' title='bbox 440 2512 470 2568; x_wconf 91' lang='lat' dir='ltr'><strong>et</strong></span> <span class='ocrx_word' id='word_1_201' title='bbox 492 2509 594 2568; x_wconf 87' lang='lat' dir='ltr'><strong>inanes</strong></span> <span class='ocrx_word' id='word_1_202' title='bbox 614 2510 747 2568; x_wconf 87' lang='lat' dir='ltr'><strong>faucium</strong></span> <span class='ocrx_word' id='word_1_203' title='bbox 765 2511 856 2569; x_wconf 85' lang='lat' dir='ltr'><strong>sinus.</strong></span> <span class='ocrx_word' id='word_1_204' title='bbox 900 2528 995 2585; x_wconf 87' lang='lat' dir='ltr'><strong>prona</strong></span> <span class='ocrx_word' id='word_1_205' title='bbox 1013 2511 1113 2568; x_wconf 86' lang='lat' dir='ltr'><strong>cervix</strong></span> 
     </span>
     <span class='ocr_line' id='line_1_27' title="bbox 98 2597 1113 2675; baseline 0.002 -20"><span class='ocrx_word' id='word_1_206' title='bbox 98 2600 216 2675; x_wconf 82' lang='lat' dir='ltr'><strong>tergum</strong></span> <span class='ocrx_word' id='word_1_207' title='bbox 249 2597 362 2657; x_wconf 87' lang='lat' dir='ltr'><strong>ossibus</strong></span> <span class='ocrx_word' id='word_1_208' title='bbox 397 2599 563 2673; x_wconf 89' lang='lat' dir='ltr'><strong>inaequale.</strong></span> <span class='ocrx_word' id='word_1_209' title='bbox 617 2599 740 2657; x_wconf 85' lang='lat' dir='ltr'><strong>infernis</strong></span> <span class='ocrx_word' id='word_1_210' title='bbox 774 2597 957 2675; x_wconf 84' lang='lat' dir='ltr'><strong>imaginibus</strong></span> <span class='ocrx_word' id='word_1_211' title='bbox 991 2598 1113 2672; x_wconf 86' lang='lat' dir='ltr'><strong>similes,</strong></span> 
     </span>
     <span class='ocr_line' id='line_1_28' title="bbox 99 2686 1111 2764; baseline 0.001 -18"><span class='ocrx_word' id='word_1_212' title='bbox 99 2686 291 2746; x_wconf 86' lang='lat' dir='ltr'><strong>cadaveribus</strong></span> <span class='ocrx_word' id='word_1_213' title='bbox 318 2689 433 2762; x_wconf 86' lang='lat' dir='ltr'><strong>pastos,</strong></span> <span class='ocrx_word' id='word_1_214' title='bbox 465 2688 582 2746; x_wconf 84' lang='lat' dir='ltr'><strong>sceleris</strong></span> <span class='ocrx_word' id='word_1_215' title='bbox 615 2687 764 2746; x_wconf 79' lang='lat' dir='ltr'><strong>commissi</strong></span> <span class='ocrx_word' id='word_1_216' title='bbox 786 2688 968 2747; x_wconf 77' lang='lat' dir='ltr'><strong>conscientie</strong></span> <span class='ocrx_word' id='word_1_217' title='bbox 997 2705 1111 2764; x_wconf 83' lang='lat' dir='ltr'><strong>graves</strong></span> 
     </span>
     <span class='ocr_line' id='line_1_29' title="bbox 98 2775 1110 2852; baseline 0.002 -19"><span class='ocrx_word' id='word_1_218' title='bbox 98 2775 146 2835; x_wconf 91' lang='lat' dir='ltr'><strong>dic</strong></span> <span class='ocrx_word' id='word_1_219' title='bbox 168 2793 255 2849; x_wconf 90' lang='lat' dir='ltr'><strong>nunc,</strong></span> <span class='ocrx_word' id='word_1_220' title='bbox 278 2775 386 2852; x_wconf 85' lang='lat' dir='ltr'><strong>legate,</strong></span> <span class='ocrx_word' id='word_1_221' title='bbox 408 2778 548 2835; x_wconf 82' lang='lat' dir='ltr'><strong>innocens</strong></span> <span class='ocrx_word' id='word_1_222' title='bbox 571 2796 646 2851; x_wconf 89' lang='lat' dir='ltr'><strong>sum,</strong></span> <span class='ocrx_word' id='word_1_223' title='bbox 669 2776 740 2852; x_wconf 89' lang='lat' dir='ltr'><strong>quia</strong></span> <span class='ocrx_word' id='word_1_224' title='bbox 764 2776 802 2835; x_wconf 94' lang='lat' dir='ltr'><strong>ad</strong></span> <span class='ocrx_word' id='word_1_225' title='bbox 823 2776 911 2834; x_wconf 90' lang='lat' dir='ltr'><strong>illum</strong></span> <span class='ocrx_word' id='word_1_226' title='bbox 932 2775 1012 2836; x_wconf 92' lang='lat' dir='ltr'><strong>diem</strong></span> <span class='ocrx_word' id='word_1_227' title='bbox 1034 2778 1110 2835; x_wconf 83' lang='lat' dir='ltr'><strong>voni</strong></span> 
     </span>
     <span class='ocr_line' id='line_1_30' title="bbox 99 2864 1110 2943; baseline 0.001 -20"><span class='ocrx_word' id='word_1_228' title='bbox 99 2867 131 2923; x_wconf 89' lang='lat' dir='ltr'><strong>at</strong></span> <span class='ocrx_word' id='word_1_229' title='bbox 154 2884 208 2943; x_wconf 83' lang='lat' dir='ltr'><strong>ego</strong></span> <span class='ocrx_word' id='word_1_230' title='bbox 231 2867 354 2940; x_wconf 89' lang='lat' dir='ltr'><strong>propter</strong></span> <span class='ocrx_word' id='word_1_231' title='bbox 376 2868 407 2923; x_wconf 85' lang='lat' dir='ltr'><strong>te</strong></span> <span class='ocrx_word' id='word_1_232' title='bbox 430 2883 539 2924; x_wconf 88' lang='lat' dir='ltr'><strong>nocens</strong></span> <span class='ocrx_word' id='word_1_233' title='bbox 561 2883 639 2938; x_wconf 88' lang='lat' dir='ltr'><strong>sum,</strong></span> <span class='ocrx_word' id='word_1_234' title='bbox 668 2865 748 2940; x_wconf 90' lang='lat' dir='ltr'><strong>quod</strong></span> <span class='ocrx_word' id='word_1_235' title='bbox 770 2865 809 2924; x_wconf 92' lang='lat' dir='ltr'><strong>ad</strong></span> <span class='ocrx_word' id='word_1_236' title='bbox 831 2865 918 2924; x_wconf 92' lang='lat' dir='ltr'><strong>illum</strong></span> <span class='ocrx_word' id='word_1_237' title='bbox 940 2864 1019 2924; x_wconf 91' lang='lat' dir='ltr'><strong>diem</strong></span> <span class='ocrx_word' id='word_1_238' title='bbox 1040 2867 1110 2924; x_wconf 82' lang='lat' dir='ltr'><strong>uixi</strong></span> 
     </span>
     <span class='ocr_line' id='line_1_31' title="bbox 57 2952 1109 3030; baseline -0.001 -15"><span class='ocrx_word' id='word_1_239' title='bbox 57 2975 84 3016; x_wconf 86' lang='lat' dir='ltr'><strong>so</strong></span> <span class='ocrx_word' id='word_1_240' title='bbox 99 2973 175 3029; x_wconf 88' lang='lat' dir='ltr'><strong>quae</strong></span> <span class='ocrx_word' id='word_1_241' title='bbox 199 2956 371 3030; x_wconf 86' lang='lat' dir='ltr'><strong>comparata</strong></span> <span class='ocrx_word' id='word_1_242' title='bbox 389 2952 474 3013; x_wconf 90' lang='lat' dir='ltr'><strong>nobis</strong></span> <span class='ocrx_word' id='word_1_243' title='bbox 492 2953 574 3013; x_wconf 90' lang='lat' dir='ltr'><strong>mala</strong></span> <span class='ocrx_word' id='word_1_244' title='bbox 595 2973 656 3012; x_wconf 92' lang='lat' dir='ltr'><strong>non</strong></span> <span class='ocrx_word' id='word_1_245' title='bbox 675 2954 817 3013; x_wconf 89' lang='lat' dir='ltr'><strong>delicatas</strong></span> <span class='ocrx_word' id='word_1_246' title='bbox 836 2953 975 3014; x_wconf 86' lang='lat' dir='ltr'><strong>lacrimas</strong></span> <span class='ocrx_word' id='word_1_247' title='bbox 991 2954 1109 3014; x_wconf 82' lang='lat' dir='ltr'><strong>habent</strong></span> 
     </span>
     <span class='ocr_line' id='line_1_32' title="bbox 99 3043 1110 3119; baseline 0.002 -19"><span class='ocrx_word' id='word_1_248' title='bbox 99 3043 230 3117; x_wconf 89' lang='lat' dir='ltr'><strong>aliquem</strong></span> <span class='ocrx_word' id='word_1_249' title='bbox 258 3043 405 3118; x_wconf 90' lang='lat' dir='ltr'><strong>populum</strong></span> <span class='ocrx_word' id='word_1_250' title='bbox 434 3043 552 3102; x_wconf 89' lang='lat' dir='ltr'><strong>hostilis</strong></span> <span class='ocrx_word' id='word_1_251' title='bbox 581 3044 725 3102; x_wconf 84' lang='lat' dir='ltr'><strong>exercitus</strong></span> <span class='ocrx_word' id='word_1_252' title='bbox 755 3043 883 3119; x_wconf 72' lang='lat' dir='ltr'><strong>obsedit,</strong></span> <span class='ocrx_word' id='word_1_253' title='bbox 913 3043 989 3103; x_wconf 87' lang='lat' dir='ltr'><strong>solet</strong></span> <span class='ocrx_word' id='word_1_254' title='bbox 1009 3043 1110 3103; x_wconf 81' lang='lat' dir='ltr'><strong>venire</strong></span> 
     </span>
     <span class='ocr_line' id='line_1_33' title="bbox 98 3130 1110 3209; baseline 0.004 -21"><span class='ocrx_word' id='word_1_255' title='bbox 98 3131 208 3189; x_wconf 88' lang='lat' dir='ltr'><strong>ultima</strong></span> <span class='ocrx_word' id='word_1_256' title='bbox 230 3132 355 3192; x_wconf 82' lang='lat' dir='ltr'><strong>obsessis</strong></span> <span class='ocrx_word' id='word_1_257' title='bbox 378 3132 489 3207; x_wconf 88' lang='lat' dir='ltr'><strong>inopia.</strong></span> <span class='ocrx_word' id='word_1_258' title='bbox 536 3130 653 3208; x_wconf 87' lang='lat' dir='ltr'><strong>capitur</strong></span> <span class='ocrx_word' id='word_1_259' title='bbox 681 3133 795 3192; x_wconf 86' lang='lat' dir='ltr'><strong>civitas.</strong></span> <span class='ocrx_word' id='word_1_260' title='bbox 840 3134 937 3191; x_wconf 81' lang='lat' dir='ltr'><strong>victor</strong></span> <span class='ocrx_word' id='word_1_261' title='bbox 958 3133 1110 3209; x_wconf 84' lang='lat' dir='ltr'><strong>captivum</strong></span> 
     </span>
     <span class='ocr_line' id='line_1_34' title="bbox 99 3220 1109 3298; baseline 0.004 -21"><span class='ocrx_word' id='word_1_262' title='bbox 99 3222 153 3277; x_wconf 88' lang='lat' dir='ltr'><strong>aut</strong></span> <span class='ocrx_word' id='word_1_263' title='bbox 175 3220 288 3279; x_wconf 90' lang='lat' dir='ltr'><strong>occidet</strong></span> <span class='ocrx_word' id='word_1_264' title='bbox 311 3223 365 3279; x_wconf 89' lang='lat' dir='ltr'><strong>aut</strong></span> <span class='ocrx_word' id='word_1_265' title='bbox 383 3223 494 3297; x_wconf 84' lang='lat' dir='ltr'><strong>pascet.</strong></span> <span class='ocrx_word' id='word_1_266' title='bbox 539 3224 689 3280; x_wconf 88' lang='lat' dir='ltr'><strong>tormenta</strong></span> <span class='ocrx_word' id='word_1_267' title='bbox 708 3221 830 3296; x_wconf 89' lang='lat' dir='ltr'><strong>quidam</strong></span> <span class='ocrx_word' id='word_1_268' title='bbox 846 3221 1012 3298; x_wconf 71' lang='lat' dir='ltr'><strong>piratarum</strong></span> <span class='ocrx_word' id='word_1_269' title='bbox 1033 3222 1109 3281; x_wconf 79' lang='lat' dir='ltr'><strong>tule</strong></span> 
     </span>
     <span class='ocr_line' id='line_1_35' title="bbox 99 3309 1110 3387; baseline 0.003 -21"><span class='ocrx_word' id='word_1_270' title='bbox 99 3311 183 3382; x_wconf 89' lang='lat' dir='ltr'><strong>runt,</strong></span> <span class='ocrx_word' id='word_1_271' title='bbox 213 3309 264 3368; x_wconf 90' lang='lat' dir='ltr'><strong>sed</strong></span> <span class='ocrx_word' id='word_1_272' title='bbox 285 3329 365 3370; x_wconf 90' lang='lat' dir='ltr'><strong>mors</strong></span> <span class='ocrx_word' id='word_1_273' title='bbox 388 3310 454 3369; x_wconf 88' lang='lat' dir='ltr'><strong>finis</strong></span> <span class='ocrx_word' id='word_1_274' title='bbox 479 3313 524 3370; x_wconf 89' lang='lat' dir='ltr'><strong>est</strong></span> <span class='ocrx_word' id='word_1_275' title='bbox 546 3329 600 3370; x_wconf 89' lang='lat' dir='ltr'><strong>nec</strong></span> <span class='ocrx_word' id='word_1_276' title='bbox 627 3311 755 3370; x_wconf 81' lang='lat' dir='ltr'><strong>saeuitia</strong></span> <span class='ocrx_word' id='word_1_277' title='bbox 776 3311 857 3370; x_wconf 86' lang='lat' dir='ltr'><strong>ultra</strong></span> <span class='ocrx_word' id='word_1_278' title='bbox 880 3310 946 3370; x_wconf 75' lang='lat' dir='ltr'><strong>feta</strong></span> <span class='ocrx_word' id='word_1_279' title='bbox 966 3311 1110 3387; x_wconf 89' lang='lat' dir='ltr'><strong>procedit.</strong></span> 
     </span>
     <span class='ocr_line' id='line_1_36' title="bbox 59 3399 1110 3477; baseline -0.002 -17"><span class='ocrx_word' id='word_1_280' title='bbox 59 3418 85 3460; x_wconf 83' lang='lat' dir='ltr'><strong>ss</strong></span> <span class='ocrx_word' id='word_1_281' title='bbox 101 3399 154 3456; x_wconf 88' lang='lat' dir='ltr'><strong>aut</strong></span> <span class='ocrx_word' id='word_1_282' title='bbox 176 3399 202 3457; x_wconf 91' lang='lat' dir='ltr'><strong>si</strong></span> <span class='ocrx_word' id='word_1_283' title='bbox 224 3399 290 3473; x_wconf 89' lang='lat' dir='ltr'><strong>quis</strong></span> <span class='ocrx_word' id='word_1_284' title='bbox 314 3399 387 3458; x_wconf 88' lang='lat' dir='ltr'><strong>adeo</strong></span> <span class='ocrx_word' id='word_1_285' title='bbox 409 3401 561 3458; x_wconf 92' lang='lat' dir='ltr'><strong>hominem</strong></span> <span class='ocrx_word' id='word_1_286' title='bbox 584 3404 681 3474; x_wconf 85' lang='lat' dir='ltr'><strong>exuat,</strong></span> <span class='ocrx_word' id='word_1_287' title='bbox 704 3401 739 3458; x_wconf 91' lang='lat' dir='ltr'><strong>ut</strong></span> <span class='ocrx_word' id='word_1_288' title='bbox 760 3399 804 3458; x_wconf 93' lang='lat' dir='ltr'><strong>ibi</strong></span> <span class='ocrx_word' id='word_1_289' title='bbox 827 3418 953 3477; x_wconf 85' lang='lat' dir='ltr'><strong>poenam</strong></span> <span class='ocrx_word' id='word_1_290' title='bbox 976 3403 1110 3475; x_wconf 86' lang='lat' dir='ltr'><strong>quaerat,</strong></span> 
     </span>
    </p>
   </div>
   <div class='ocr_carea' id='block_1_3' title="bbox 171 3584 715 3654">
    <p class='ocr_par' dir='ltr' id='par_1_5' title="bbox 171 3584 715 3654">
     <span class='ocr_line' id='line_1_37' title="bbox 171 3584 715 3654; baseline 0.007 -17"><span class='ocrx_word' id='word_1_291' title='bbox 171 3590 186 3637; x_wconf 80' lang='grc' dir='ltr'>ὁ</span> <span class='ocrx_word' id='word_1_292' title='bbox 207 3584 267 3654; x_wconf 89' lang='lat' dir='ltr'><strong>qni:</strong></span> <span class='ocrx_word' id='word_1_293' title='bbox 288 3585 364 3654; x_wconf 92' lang='lat' dir='ltr'><strong>quod</strong></span> <span class='ocrx_word' id='word_1_294' title='bbox 382 3595 415 3639; x_wconf 74' lang='grc' dir='ltr'><em>Μ</em></span> <span class='ocrx_word' id='word_1_295' title='bbox 485 3592 517 3640; x_wconf 81' lang='lat'><strong>35</strong></span> <span class='ocrx_word' id='word_1_296' title='bbox 537 3586 590 3640; x_wconf 91' lang='lat' dir='ltr'><strong>ibi:</strong></span> <span class='ocrx_word' id='word_1_297' title='bbox 610 3586 664 3641; x_wconf 91' lang='lat' dir='ltr'><strong>tibi</strong></span> <span class='ocrx_word' id='word_1_298' title='bbox 682 3596 715 3640; x_wconf 74' lang='grc' dir='ltr'><em>Μ</em></span> 
     </span>
    </p>
   </div>
   <div class='ocr_carea' id='block_1_4' title="bbox 0 0 1221 3952">
    <p class='ocr_par' dir='ltr' id='par_1_6' title="bbox 0 0 1221 3952">
     <span class='ocr_line' id='line_1_38' title="bbox 0 0 1221 3952; baseline 0 0"><span class='ocrx_word' id='word_1_299' title='bbox 0 0 1221 3952; x_wconf 95' lang='lat' dir='ltr'><strong> </strong></span> 
     </span>
    </p>
   </div>
  </div>
 </body>
</html>
