2430 3952
313 231 548 287 DEcLAMATIo
567 232 618 286 XV
634 239 667 288 14
685 232 749 288 XVI
763 240 839 288 1—2.
1019 234 1084 300 291

139 401 219 477 Etsi,
247 401 520 482 sanctissimum,
547 402 619 461 olim
642 420 742 463 omnes
765 400 868 461 videor
889 403 1086 463 humanorum
1105 403 1122 459 1

72 493 227 567 pectorum
250 490 383 551 adfectus
406 491 551 550 insolam
574 491 739 550 amicitiam
758 492 917 552 contulisse
936 495 966 552 et
987 495 1088 568 patior

72 579 218 639 invidiam
244 578 372 639 hominis
401 579 453 656 qui
480 578 537 639 sibi
569 599 629 640 non
655 580 824 656 reliquerit,
855 583 890 639 ut
917 584 1031 641 amaret
1057 584 1088 641 et

72 670 209 743 matrem,
232 668 368 744 quotiens
385 669 486 727 tamen
505 671 674 730 universam
696 670 819 744 pietatis
837 688 920 728 meae
938 671 1087 730 conscien-

45 757 149 818 stiam
175 758 303 832 intueor,
334 759 367 815 in
393 776 455 834 qua
482 758 639 816 minimum
671 761 717 817 est
748 756 827 834 quod
859 758 962 818 videor
992 759 1087 820 bonus

73 847 200 921 amicus,
227 864 287 904 non
308 864 430 922 possum
453 865 512 906 non
535 846 612 906 hanc
633 848 762 922 primam
788 848 941 908 electionis
967 849 1086 908 nostrae

73 935 247 1011 conplorare
274 937 439 1010 fortunam,
468 934 548 1011 quod
569 935 644 994 milri
666 953 783 996 necesse
806 939 851 996 est
878 939 932 995 aut
958 937 1087 996 amioum

72 1024 239 1100 relinquere
262 1026 315 1082 aut
337 1027 471 1083 matrem.
517 1025 648 1098 facinus,
675 1025 855 1085 severissimi
876 1025 948 1100 viri,
970 1026 1087 1085 facinus

72 1113 108 1172 fit
129 1112 388 1189 inpatientissimis
412 1113 576 1174 adfectibus
599 1115 673 1172 meis
696 1113 776 1190 quod
799 1116 930 1174 succurri
952 1133 1012 1173 non
1034 1134 1087 1190 po·

31 1221 59 1262 rc
72 1204 133 1262 test
150 1201 272 1262 duobus.
310 1201 425 1261 excedit
442 1221 560 1262 omnem
576 1203 713 1278 querelae
731 1221 815 1263 meae
834 1204 1088 1280 conplorationem

73 1291 154 1368 quod
179 1293 243 1350 tam
266 1291 390 1351 diversis
412 1311 546 1350 meorum
573 1290 727 1351 conatibus
751 1292 875 1352 adversa
898 1293 1086 1368 conveniunt,

72 1382 108 1438 ut
130 1380 232 1439 videar
253 1379 369 1457 eligere.
408 1380 480 1455 quid
502 1399 561 1439 non
584 1380 686 1439 darem
708 1382 800 1441 miser
821 1399 875 1456 pro
898 1383 964 1441 luce
982 1383 1086 1442 matris

72 1469 298 1544 quintillam
319 1468 459 1544 viderem,
485 1471 613 1528 amicum
636 1467 723 1528 dedi?
767 1469 856 1529 fidem
879 1472 1018 1546 vestram,
1040 1473 1087 1529 iu-

72 1557 166 1633 dices,
192 1578 230 1617 ne
252 1560 332 1617 inter
353 1559 497 1617 maximas
520 1557 710 1617 necessitates
732 1561 837 1636 percat
858 1577 929 1618 usus
956 1558 1086 1620 hominis

30 1649 125 1722 requi
152 1649 275 1722 paratas
303 1649 348 1706 est
375 1645 489 1707 duobus
516 1646 646 1722 inpendi.
691 1648 753 1706 iam
775 1647 824 1707 hic
847 1649 893 1706 est
918 1649 985 1707 tota
1006 1651 1086 1708 ratio

72 1737 259 1808 clementiae,
286 1755 323 1794 ne
349 1735 394 1794 ibi
420 1755 467 1794 me
495 1735 667 1811 detineatis,
694 1735 745 1795 ubi
772 1755 832 1795 non
856 1755 986 1813 prosum.
1031 1755 1086 1796 neo

72 1824 239 1899 dissimulo,
266 1824 446 1885 sanctissimi
468 1824 538 1900 viri,
566 1825 696 1901 perferre
714 1844 762 1884 me
785 1844 852 1885 cum
872 1827 999 1886 maxime
1022 1828 1086 1885 tam

70 1912 254 1973 incredibilis
277 1915 405 1990 exempli
426 1912 524 1987 fidem,
547 1917 581 1973 ut
603 1932 663 1974 non
685 1916 835 1974 immerito
857 1915 970 1990 possim
991 1915 1086 1974 videri

72 2021 137 2062 cum
160 2005 256 2063 matre
279 2002 445 2063 conludere.
485 2021 540 2082 ego
562 2002 665 2063 videor
689 2005 870 2080 excogitasse
892 2005 984 2064 istum
1007 2005 1086 2064 colo,-

29 2113 57 2153 so
70 2111 148 2166 rem,
176 2096 207 2152 et
232 2093 288 2152 hoc
316 2092 395 2168 quod
422 2092 564 2166 detineor,
592 2092 741 2152 amicitiae
767 2095 892 2152 vocatur
917 2091 1084 2154 infirmitas.

70 2182 259 2257 miseremini,
277 2180 397 2255 iudices,
416 2182 561 2257 temptate
579 2201 627 2242 me
645 2184 675 2241 et
694 2181 846 2241 dimittite.
883 2201 922 2241 an
940 2183 1085 2242 voluerim

70 2271 188 2345 reverti,
212 2269 285 2329 scire
308 2289 368 2329 non
389 2271 525 2346 potestis,
547 2269 605 2331 nisi
627 2273 768 2330 revertor.
832 2328 841 2342 ,

137 2356 230 2432 Illud,
257 2358 436 2420 sanctissimi
458 2358 583 2435 iudices,
605 2359 682 2418 illud
702 2360 835 2420 adfectus
857 2378 939 2420 meos
960 2362 1081 2435 torquet
1099 2358 1118 2412 2

71 2466 106 2506 ac
128 2448 241 2507 lecerat
259 2447 337 2522 quod
359 2449 416 2508 sim
438 2450 554 2525 ingenti
577 2451 780 2525 expectatione
798 2448 946 2525 deceptus.
983 2467 1083 2524 spera·

28 2559 55 2600 as
70 2554 172 2596 veram
190 2536 334 2610 futurum,
354 2540 389 2596 ut
406 2537 462 2596 hoc
479 2538 544 2597 loco
563 2557 626 2597 rem
643 2556 785 2615 magnam
803 2539 915 2598 faceret
933 2540 963 2597 et
980 2540 1083 2595 mater.

70 2759 195 2829 asma(
185 2760 355 2829 (masona
295 2759 438 2884 psaffl
511 2758 639 2814 arsuro
658 2743 945 2843 maseriarum
963 2757 1083 2813 vanas

70 2833 101 2886 in
120 2848 205 2902 marg
226 2827 344 2884 CAVSA
439 2829 568 2886 aosrcru'c
584 2832 671 2886 miore
685 2837 765 2900 perta
783 2840 814 2884 M

143 2910 156 2957 1
177 2902 273 2956 etsi—
285 2900 353 2955 olim
367 2918 417 2957 cm.
427 2911 462 2971 Β,
476 2901 540 2956 cdd.
551 2919 625 2956 mou
634 2903 738 2957 succedi
752 2902 832 2956 XIX
879 2900 978 2955 etsi-
944 2917 1083 2956 -0mnes

70 2990 120 3028 om
135 2984 166 3041 V,
184 2974 252 3027 dum
265 2973 331 3027 hinc
345 2947 464 3028 matrerd
477 2976 662 3042 praesentem,
679 2973 745 3027 hinc
758 2973 875 3027 statem
888 2975 1021 3027 contueor
1034 2972 1084 3026 ab·

71 3045 186 3111 sentem,
205 3060 300 3099 omnes
318 3043 582 3111 videorest.11,ia
595 3061 681 3116 marg
700 3044 730 3097 in
745 3043 809 3099 aliis
828 3044 946 3098 libris
924 3060 965 3097 sic
982 3043 1083 3113 incipi-

70 3116 117 3168 tur
135 3131 220 3170 causa
243 3115 296 3169 etsi
319 3121 365 3171 eet
382 3135 427 3182 ηις
450 3114 531 3169 tsis
628 3117 829 3187 ιξρθοιοιιιιιι
853 3118 977 3185 (corpore
1000 3118 1087 3184 er)V

71 3219 270 3292 trelirlquerit
287 3231 315 3275 Β
367 3222 533 3292 tquctiens
551 3232 580 3274 Β
632 3221 755 3275 ebenus
770 3231 799 3275 Β
852 3204 986 3292 oposum
1003 3232 1031 3275 Β

70 3309 184 3362 possum
202 3293 275 3347 hanc
293 3302 314 3345 V
373 3295 482 3347 vesuao
499 3302 528 3346 Β
599 3298 632 3347 10
651 3292 774 3361 querelle
792 3302 820 3346 Β
891 3300 923 3348 11
943 3292 1018 3363 quod
1037 3309 1082 3346 me

69 3367 89 3417 t.
110 3386 129 3416 α
188 3365 283 3418 tamen
300 3373 353 3417 BV
422 3370 454 3417 12
473 3366 579 3419 utnon
597 3364 693 3418 videar
711 3365 782 3418 scire
802 3363 904 3434 eligere
924 3374 955 3417 M
1013 3363 1082 3432 quid

71 3445 113 3503 Δις
132 3435 207 3504 quod
225 3436 326 3504 reliqui
379 3441 411 3489 16
430 3435 570 3505 prosims
625 3441 657 3488 17
676 3436 831 3505 proferres
883 3435 1029 3490 maximis

69 3545 164 3596 samen
179 3562 209 3609 a
224 3543 316 3596 tum«
365 3547 398 3596 rs
418 3541 560 3596 creusae
575 3564 593 3595 a
645 3548 677 3596 ιιι
692 3524 811 3597 aas„
859 3548 891 3597 ιι
905 3541 1084 3597 vauesmn

70 3620 103 3667 24
122 3611 245 3688 ingentii
263 3622 292 3666 Β
362 3618 396 3666 25
415 3613 760 3683 futurum-paraveram
777 3633 805 3685 p.
821 3618 915 3680 292,1
933 3631 989 3668 om.
1003 3621 1030 3662 ιι

887 3700 942 3755 qq*
