2430 3952
386 177 619 234 DECLAMATIO
638 179 677 232 IV
691 183 804 233 15-17.
1060 179 1102 244 83

93 367 220 425 quorum
239 347 347 407 scelere
364 348 494 407 violatus
513 348 575 406 dies
594 347 737 406 mundum
756 347 853 407 subito
872 349 1012 423 mutavit,
1031 367 1105 424 quos

92 432 189 517 (per)
205 437 301 496 maria
323 438 478 512 terrasque
500 438 649 515 fugientes
671 437 794 495 furiales
816 437 896 496 faces
916 439 946 496 et
964 436 1106 496 ultricum

93 527 216 588 demam
237 529 334 586 terror
356 525 492 604 agitavit.

158 615 284 674 Necesse
303 615 348 673 est
366 618 397 673 et
413 616 541 673 maiores
560 616 646 674 notas
665 616 791 673 ventura
808 614 1005 690 praemittant
1029 632 1104 689 quae

65 725 78 766 e
92 722 154 764 non
166 707 277 764 temere
291 706 461 762 nascuntur.
489 704 531 763 sic
549 704 666 762 futuras
680 704 872 778 tempestates
891 704 992 781 pelagi
1005 704 1106 780 fragor

91 796 122 854 st
145 793 296 852 conscium
318 811 472 851 nemorum
494 812 628 850 murmur
656 793 806 866 enuntiat,
834 793 877 850 sio
905 792 1106 867 periturorum

91 883 156 941 fata
183 882 362 958 populorum
395 882 532 940 ardentes
560 882 641 940 caelo
669 881 749 940 faces
777 884 807 940 et
834 880 943 939 crinita
974 881 1106 940 siderum

90 971 212 1030 flamma
234 969 407 1046 praecurrit.

158 1058 354 1118 Praedioebar
379 1059 471 1133 bello,
498 1058 687 1117 monstrabar
714 1060 818 1133 armis,
845 1058 954 1134 agebat
981 1061 1051 1117 ante
1074 1077 1103 1116 se
1119 1059 1155 1116 17

51 1169 78 1210 ro
92 1150 220 1208 ventura
242 1147 346 1206 feritas
368 1147 504 1223 publicas
528 1148 727 1223 calamitates,
751 1149 780 1206 et
804 1148 936 1206 omnium
958 1148 1104 1206 malorum

92 1237 345 1298 consummatione
372 1236 522 1313 parricida
549 1236 688 1312 ponebar.
735 1238 767 1294 at
790 1238 816 1295 si
837 1255 916 1295 nunc
937 1238 997 1295 ista
1019 1239 1106 1311 putet

92 1327 203 1402 aliquis
225 1325 358 1401 fortuito,
382 1344 441 1385 non
465 1327 529 1384 arte
552 1326 663 1400 sentiri,
686 1325 782 1401 possit
804 1326 930 1384 fortasse
950 1344 1020 1384 casu
1040 1344 1105 1383 eve·

91 1417 157 1474 nire
181 1414 259 1490 quod
282 1415 417 1473 buturum
445 1413 497 1488 sit,
524 1433 584 1472 non
610 1416 710 1489 potest
733 1433 803 1473 casu
829 1413 894 1472 fieri
917 1414 997 1488 quod
1019 1433 1104 1489 prae·

91 1505 206 1563 dietum
232 1505 286 1562 est.
332 1504 363 1562 et
390 1503 509 1578 quando
537 1522 683 1578 unquam,
710 1506 805 1578 pater,
837 1503 980 1578 explicuit
1010 1504 1104 1561 mani-

50 1613 77 1655 rs
91 1594 198 1652 festius
225 1593 316 1650 ullius
343 1593 400 1650 fati
422 1592 629 1651 necessitatem
651 1594 732 1651 totus
756 1592 827 1651 ordo
850 1592 1003 1665 responsi?
1049 1592 1104 1667 vir,

90 1683 199 1759 inquit,
212 1683 363 1741 nascetur:
382 1682 488 1740 evenit.
521 1681 703 1755 educabitur,
717 1680 852 1755 quamvis
867 1675 1104 1757 <parricidium>

89 1770 278 1847 praedictum
296 1771 349 1829 sit:
368 1769 484 1829 accidit.
520 1770 674 1845 perveniet
693 1768 730 1827 ad
749 1769 889 1828 iuventae
907 1769 1009 1827 robur:
1034 1769 1102 1828 ado·

89 1859 160 1919 levi.
205 1858 319 1918 viribus
342 1858 399 1917 erit
421 1859 610 1934 conspicuus:
634 1859 753 1917 eminui.
791 1858 917 1916 aderunt
939 1857 1032 1916 bella:
1055 1877 1104 1917 ve-

89 1950 207 2008 nerunt.
248 1948 305 2006 ibit
327 1948 360 2005 in
383 1947 476 2006 aciem
498 1950 529 2007 te
552 1947 683 2006 volente:
706 1947 822 2006 misisti.
859 1946 978 2006 fortiter
1000 1949 1103 2006 faciet:

49 2057 77 2098 so
90 2038 156 2098 feci.
203 2036 261 2096 erit
282 2035 445 2112 parricida:
468 2037 494 2096 si
517 2037 626 2096 vixero.

158 2125 200 2200 Si,
221 2127 316 2201 pater,
339 2127 440 2184 tamen
458 2127 588 2184 secretae
606 2124 830 2201 profundaeque
850 2127 923 2184 artis
942 2124 1020 2184 ratio
1038 2125 1103 2184 red-

90 2214 188 2274 denda
211 2217 264 2289 est,
289 2233 387 2273 nonne
409 2213 518 2273 habere
540 2214 601 2273 tibi-
620 2213 731 2292 grande
754 2214 936 2274 consortium
958 2213 1104 2289 praedicti

89 2304 210 2363 videtur
228 2305 297 2379 ipsa
315 2301 493 2362 diversitas?
529 2304 626 2362 virum
645 2303 753 2362 fortem
771 2302 848 2361 dixit
866 2305 896 2361 et
914 2304 1102 2378 parricidam.

89 2391 190 2453 vicina
212 2394 282 2452 sunt
304 2392 385 2467 haec,
409 2391 500 2451 etiam
518 2394 553 2450 ut
570 2392 741 2467 dissimilia3
763 2394 850 2467 paria
867 2391 988 2466 viribus,
1013 2394 1104 2450 etiam

49 2500 76 2541 rs
90 2484 125 2541 ut
147 2484 245 2540 mente
265 2481 449 2540 dissentiant.
487 2481 559 2556 quid
578 2481 656 2539 enim
679 2501 725 2540 me
744 2481 826 2538 aliud
846 2481 1009 2540 notabilem
1031 2480 1103 2538 iecit

88 2571 120 2629 in
139 2569 218 2629 bello
237 2588 328 2645 quam
346 2568 425 2645 quod
443 2588 503 2628 non
521 2589 611 2646 parco
631 2570 778 2644 caedibus,
801 2588 904 2628 cruore
922 2587 981 2627 non
1001 2569 1102 2643 satior,

88 2659 226 2720 exultans
254 2677 343 2734 super
369 2660 531 2718 stratorum
554 2677 710 2735 corporum
733 2661 860 2736 strages,
883 2657 1102 2733 palpitantibus

23 2806 26 2811 .
89 2748 187 2808 adhuc
209 2746 401 2807 cadaveribus
425 2747 523 2807 alacer
545 2745 672 2807 insisto?
708 2749 829 2806 virtutis
853 2749 922 2806 sunt
943 2747 1012 2822 ista,
1036 2766 1103 2806 cum

161 2959 176 3007 1
199 2950 321 3007 violatus
340 2953 383 3006 est
401 2951 461 3006 dias
479 2952 578 3006 mundi
600 2967 615 3017 a
701 2958 716 3004 2
735 2969 786 3021 per
805 2964 834 3006 s:
855 2969 904 3007 om.
920 2975 942 3005 ω
1018 2950 1103 3005 timor

87 3025 117 3078 et
134 3041 161 3076 u.
182 3023 208 3076 d.
227 3025 317 3077 terror
334 3024 369 3078 K
371 3024 423 3078 lota
476 3028 494 3076 4
517 3025 557 3078 et:
576 3024 610 3077 ut
627 3031 660 3076 Μ
710 3023 895 3093 praemittant
913 3023 1019 3078 Maus:
1037 3039 1102 3091 pro-

87 3094 206 3149 mittunt
223 3115 246 3147 ω
319 3098 333 3147 'l
352 3092 441 3149 faces:
460 3092 534 3148 feces
552 3104 580 3148 Ρ
595 3095 642 3149 scd
660 3093 688 3146 fe
706 3099 737 3149 ia
755 3112 809 3149 ras.
884 3100 898 3148 9
917 3093 1103 3163 praedicabar

86 3174 140 3219 BV
199 3170 231 3219 11
252 3165 462 3220 consumatione
484 3175 506 3218 V
564 3170 597 3219 14
616 3165 761 3234 ecquando
781 3175 829 3218 Mc
884 3170 917 3220 15
935 3165 1021 3219 ullius
1040 3174 1100 3218 Mc:

88 3235 165 3291 illins
178 3245 242 3302 m
296 3236 364 3291 ordo
378 3253 429 3292 om.
443 3247 465 3290 V
514 3237 659 3308 responsi}
676 3246 715 3304 Βς
733 3237 874 3307 responait
892 3247 921 3303 νς
940 3236 1102 3305 respondis

89 3348 122 3397 ιο
140 3342 324 3413 pascuum
341 3360 393 3399 aa.
407 3366 443 3412 ω;
462 3343 558 3397 auae
644 3349 676 3397 ιτ
696 3343 898 3398 iuventamn
980 3325 1063 3409 rosta
1085 3352 1107 3394 r

88 3418 122 3469 18
141 3414 246 3469 eminui
265 3415 404 3485 lapsa:
428 3417 457 3469 et
476 3414 560 3468 armis
583 3431 616 3469 eac
640 3417 668 3469 et
686 3413 770 3468 nimis
788 3425 827 3479 B;
852 3416 882 3469 et
900 3413 984 3468 nimis
1007 3424 1101 3480 νΜβσς

88 3487 117 3540 et
134 3484 254 3540 minias
312 3491 347 3540 20
366 3502 422 3554 ero,
441 3486 466 3539 ei
484 3485 577 3540 vixero
596 3487 651 3540 Bu.
722 3492 754 3540 21
778 3488 886 3540 tamen:
905 3488 965 3540 tam
982 3506 1031 3555 my

88 3561 122 3611 26
140 3556 172 3611 in
189 3555 266 3612 bello
283 3556 438 3611 notabilem
457 3556 559 3622 fecits
630 3563 663 3611 27
683 3557 866 3628 palpantibus
885 3566 909 3610 1

915 3644 952 3699 ⁹³⁸
1023 3638 1180 3724 affl
