2430 3952
423 188 655 243 castanasio
674 189 738 243 XIV
757 195 833 244 6-8.
1066 190 1130 253 271

122 357 202 434 quod
228 359 394 433 petebatur,
421 359 538 434 reliqua
560 377 676 435 quoque
700 358 812 417 viribus
836 359 951 417 vicinae
978 358 1056 418 tabis
1084 377 1132 416 ex-

121 448 230 522 pirant.
277 447 422 522 quaedam
449 448 584 507 fortassis
607 448 804 515 medicamina
830 450 955 523 possunt
977 447 1058 506 aliud
1081 467 1132 505 vo-

122 538 184 595 cari
207 555 296 611 quam
319 555 473 594 venenum.
510 537 581 595 dare
604 536 684 611 quod
706 556 766 595 non
789 537 870 611 licet,
891 555 950 594 nou
973 540 1019 595 est
1041 537 1132 612 aliud,

121 635 212 700 quam
236 624 417 683 veneficium.
1087 638 1099 668 ⁰

94 736 106 776 5
188 714 352 788 Quantum,
375 714 517 789 nefanda,
541 715 576 772 de
599 717 702 790 poenis
724 714 862 773 humanis
890 715 1067 792 excogitare·
1080 734 1133 789 po-

120 800 228 862 tuisti?
272 805 459 862 innocentius
482 803 663 863 mehercules
686 805 797 876 fuerat,
826 807 860 861 ut
883 797 997 861 'amaret
1025 804 1132 877 aliquis

119 893 241 951 invitus.
287 894 440 967 potionem
463 894 639 969 excogitasti
662 911 721 968 qua
748 893 827 951 bella
850 893 1047 966 committere,
1074 910 1134 965 qua

120 998 152 1039 se
175 983 273 1039 totum
300 981 463 1039 humanum
490 1000 582 1058 genus
609 983 709 1056 posset
734 982 837 1040 odisse.
883 983 982 1057 potest
1009 979 1132 1054 efficere,

120 1073 155 1127 ut
178 1089 238 1127 non
261 1072 361 1128 ament
383 1069 492 1129 liberos
515 1073 661 1145 parentes,
684 1074 719 1128 ut
740 1072 993 1146 propinquitates,
1016 1073 1051 1127 ut
1072 1069 1132 1126 fra-

79 1173 106 1221 r'c
120 1160 256 1232 ternitas,
278 1161 314 1216 ut
336 1161 470 1217 amicitia
494 1178 524 1218 se
547 1159 677 1218 collidat.
715 1159 776 1217 odii
798 1161 951 1235 potionem
976 1177 1061 1217 nemo
1085 1177 1132 1216 ac-

121 1249 195 1322 cipit
218 1249 276 1306 nisi
299 1249 402 1306 eontra
425 1249 574 1306 hominem
597 1254 685 1323 quem
707 1268 767 1307 non
791 1248 877 1307 debet
900 1248 1002 1307 odisse.

188 1337 328 1412 Temptat
354 1336 409 1395 hoc
437 1337 501 1395 loco
529 1339 739 1396 nocentissima
764 1337 943 1395 feminarum
966 1337 1001 1394 de
1024 1337 1132 1395 scelere

119 1444 173 1484 suo
207 1426 305 1484 lacere
336 1425 517 1483 beneficium.
565 1421 782 1500 ‘meretricem’,
809 1428 921 1501 inquit,
946 1421 1130 1485 ‘amaveras'

121 1513 224 1573 differo
247 1515 408 1590 paulisper,
431 1514 551 1588 iudices,
576 1515 697 1574 affectus
720 1515 807 1573 huius
827 1516 1052 1574 excusationem.
1091 1515 1134 1572 dii

79 1603 266 1678 radeaeque,
290 1607 435 1678 quantum
461 1605 493 1661 in
520 1604 576 1662 hoo
599 1604 795 1663 contumeliae
819 1605 863 1662 est
887 1603 965 1677 quod
993 1602 1050 1662 sibi
1073 1623 1132 1661 me-

120 1694 213 1750 retrix
236 1691 355 1751 videtur
378 1693 531 1751 adamata!
576 1696 611 1750 tu
633 1692 690 1751 tibi
713 1694 887 1767 cuiusquam
911 1692 1043 1750 adfectus
1067 1709 1132 1749 oen-

120 1782 200 1840 soria
232 1783 381 1859 gravitate
415 1779 602 1857 praestabis?
647 1784 682 1838 tu
711 1781 768 1840 tibi
798 1783 955 1841 aestimare
983 1782 1133 1856 permittis

121 1889 211 1944 quam
234 1871 405 1945 frequenter
428 1872 524 1947 aliqui
546 1871 674 1945 lupanar
695 1868 807 1928 iniret?
852 1873 886 1928 tu
910 1871 958 1929 cui
979 1889 1039 1929 non
1061 1871 1132 1927 licet

121 1959 274 2018 excludere
293 1959 470 2034 debilitates,
493 1959 630 2018 fastidire
648 1959 756 2033 sordes,
778 1962 911 2035 exposita
929 1959 1131 2033 ebrietatibus

80 2070 107 2108 ao
122 2048 242 2106 addicta
277 2048 461 2124 petulantiae
496 2051 538 2122 et,
575 2067 709 2124 quaeque
745 2049 908 2108 novissima
939 2049 1041 2107 vilitas
1079 2050 1131 2121 est,
1203 2090 1206 2096 -

119 2136 255 2195 noctibus
282 2138 451 2213 populoque
478 2156 626 2212 concessa,
654 2157 750 2197 mores
778 2139 942 2197 iuventutis
973 2135 1131 2196 emendas?

118 2227 259 2300 aequiore
283 2228 382 2285 animo
405 2227 491 2300 feras,
514 2230 549 2285 ut
570 2229 710 2285 meretrix
732 2227 806 2285 velit
829 2226 970 2285 adamari.

187 2309 297 2389 ‘Eras',
317 2317 425 2391 inquit,
445 2311 486 2374 ‘et
508 2312 641 2392 pauper.'
679 2317 756 2390 volo,
779 2316 899 2389 iudices,
917 2318 960 2374 sic
978 2315 1058 2390 apud
1076 2334 1128 2373 vos
1149 2316 1166 2370 8

118 2405 271 2479 paulisper
299 2424 398 2482 agere,
427 2407 582 2479 tamquam
609 2407 641 2462 in
668 2405 724 2464 hoc
750 2425 797 2463 me
826 2405 945 2464 adfectu
972 2405 1132 2479 propinqui

79 2511 105 2551 rs
120 2494 266 2568 amicique
284 2494 437 2571 castigent.
474 2513 534 2552 non
558 2512 611 2572 ego
631 2495 755 2553 alicuius
774 2495 959 2551 matrimonii
977 2495 1132 2566 corruptor

192 2649 205 2696 1
226 2660 348 2712 quoque:
367 2661 430 2698 vero
449 2654 470 2696 V
518 2645 612 2698 vicina
631 2647 660 2698 et
678 2645 713 2698 ab
733 2645 777 2698 his
797 2645 831 2714 (is
849 2654 883 2711 M,
902 2661 970 2698 corr.
989 2646 1082 2766 Ἢν

120 2721 135 2768 2
159 2714 285 2768 fortassis
305 2725 364 2770 Mo:
387 2716 469 2769 fortis
487 2725 546 2783 MV,
570 2714 642 2770 forte
662 2729 692 2780 βγ
782 2721 797 2768 3
821 2730 918 2783 quam:
940 2731 995 2782 quo
1035 2724 1062 2766 P

118 2802 267 2840 venenum:
286 2787 488 2840 veneficiums
559 2793 691 2855 aquam:
712 2786 787 2854 quod
806 2796 833 2838 P
902 2784 1055 2839 veneficum
1074 2794 1134 2838 ΒΜ

119 2865 135 2912 6
153 2857 316 2912 innoeentiu
334 2868 368 2926 M,
388 2875 400 2910 s
418 2869 526 2927 supro
588 2858 756 2931 luerapt153
775 2874 825 2912 om.
845 2867 866 2909 V
934 2863 948 2910 ‘V
969 2873 1037 2923 qua:
1060 2857 1133 2926 (1315

120 2933 145 2999 (”
165 2931 229 2983 add.
245 2933 285 2999 o);
305 2928 404 2993 QueV
463 2930 607 2984 comittere
624 2939 663 2998 153
683 2929 870 2983 committeret
889 2937 921 2981 M
989 2930 1129 2996 8potest:

119 3003 233 3068 potesc
287 3000 559 3065 tetfraternitasc
614 3005 647 3053 10
666 3016 695 3054 se
714 3009 832 3054 σφων
891 2999 1082 3053 rainerus

120 3071 155 3125 ho
174 3081 207 3137 B,
228 3088 242 3124 e
260 3082 368 3140 supro
428 3074 470 3125 est
489 3089 538 3126 om.
554 3082 586 3124 M
645 3078 677 3125 16
698 3071 875 3139 cuiusquam:
894 3073 1038 3137 tamquam
1057 3080 1078 3123 s

120 3142 241 3196 sessoria
259 3153 295 3209 1²3
325 3159 439 3197 cessoua
459 3152 491 3196 Μ
510 3146 588 3213 (corr.
603 3144 644 3212 m)
745 3147 777 3195 17
800 3142 970 3210 praestabis:
998 3141 1130 3210 pensabis

120 3214 225 3281 Leccam
252 3215 408 3336 pensitabis
427 3216 496 3282 Bc.;
524 3214 665 3283 pensitare
683 3214 725 3266 vis
744 3215 822 3268 Dese.
887 3218 920 3266 18
939 3229 1036 3280 quam:
1055 3214 1131 3280 quod
1181 3252 1184 3256 -

120 3294 147 3336 Ρ
235 3285 337 3354 aiquis
357 3295 407 3338 Mo
493 3285 626 3354 lupanar:
650 3284 750 3352 loquar
763 3293 784 3336 s
875 3289 906 3337 19
926 3283 1015 3337 sordis
1034 3293 1063 3336 M

120 3360 154 3410 20
173 3354 282 3409 utilitas
301 3366 343 3424 M,
362 3356 406 3411 vel
423 3356 518 3411 vilitas
535 3374 611 3426 supr.
626 3377 657 3408 m
729 3361 762 3408 21
782 3371 836 3422 que
855 3372 905 3409 om.
922 3365 943 3407 V
1009 3355 1130 3409 inventis

120 3436 158 3495 M,
179 3429 211 3479 tu
229 3439 337 3496 supro
419 3434 451 3482 22
472 3428 561 3482 amari
581 3437 612 3481 M
686 3433 719 3480 23
739 3429 848 3480 amator
866 3428 895 3480 et
917 3443 1024 3496 pauper
1042 3439 1063 3479 o

120 3504 155 3623 {a
174 3500 364 3622 dalnqmm—
376 3499 516 3569 castigent
535 3500 599 3553 l.25
618 3508 703 3552 oms
794 3513 857 3551 mea
876 3497 988 3552 defectu
1007 3507 1067 3564 aM3
1086 3514 1130 3549 mc

140 3585 156 3623 e
194 3571 286 3624 eectu
303 3580 328 3623 J
