2430 3952
368 213 676 304 DECLilMATIONES
694 211 879 268 XVII—XIX.
1069 213 1136 279 425

110 384 241 443 ,affectus
269 401 358 458 super
387 385 488 442 omnia
515 385 705 442 accusatione
732 384 865 459 impetit,
895 385 965 441 veni
986 385 1153 458 petiturus

119 492 138 531 a
161 472 257 546 vobis,
287 491 394 531 neme
418 474 560 531 scientem
589 472 742 531 silentium
770 474 955 531 contentioni
984 475 1137 548 praestare

120 563 255 621 credatis.
292 563 337 620 M.
357 564 391 620 at
408 561 483 619 illud
507 563 634 620 scienter
657 563 747 639 egisti
764 561 843 620 unde
860 564 891 620 te
909 560 1008 620 malae
1025 563 1136 620 tracta-

119 654 211 710 tionis
238 670 338 729 arguo.
380 650 414 708 P.
434 648 528 726 quid?
567 651 613 709 M.
633 651 705 726 quid
732 669 786 726 per
812 653 962 710 tormenta
989 648 1138 725 inquiris?

93 761 105 800 e
121 740 194 814 quid
215 742 312 799 morte
330 737 497 815 comperis?
536 739 569 797 P.
589 758 649 798 non
667 738 836 815 respondes,
858 740 909 800 sed
928 741 1055 815 quaeris,
1077 758 1138 798 non

120 828 242 905 probas,
271 829 323 887 sed
345 828 481 907 ambigis.
522 830 557 887 tu
581 846 651 888 vero
680 848 732 888 cur
753 829 904 904 inquiris?
944 847 997 887 cur
1022 831 1055 886 in
1082 829 1138 888 hcc

119 920 184 978 loco
209 915 363 993 quereris?
403 936 442 976 an
464 917 615 977 tumulum
637 916 754 977 nescis?
796 918 931 993 querelas
953 917 1053 991 habea,
1078 937 1138 977 non

120 1010 260 1086 gemituS,
291 1008 524 1081 accusationem,
553 1026 613 1066 non
642 1007 791 1081 lacrimas,
823 1011 854 1066 et
882 1010 978 1066 matre
1008 1008 1139 1083 seposita

121 1097 216 1156 solam
238 1099 303 1174 agis
326 1115 455 1155 uxorem.
497 1114 537 1155 an
564 1097 715 1154 tumulum
741 1096 856 1155 nescis?
897 1098 942 1155 M.
962 1096 1038 1154 mihi
1060 1098 1139 1155 certe

81 1207 107 1246 rc
121 1188 152 1244 et
174 1186 275 1244 vultus
299 1185 457 1244 sumendus
481 1183 571 1243 etad
594 1186 674 1244 hunc
700 1186 800 1245 locum
823 1185 1010 1263 fugiendum,
1037 1188 1072 1242 ut
1094 1187 1138 1243 in·

120 1274 277 1351 telligatur
294 1273 370 1332 mihi
391 1275 514 1333 minime
532 1277 682 1350 praestari
703 1274 783 1349 quod
801 1276 928 1333 maritus
947 1276 1036 1347 tacet,
1060 1274 1140 1349 quod

121 1381 174 1422 ora
197 1364 326 1441 stringit.
368 1362 546 1438 respondeat
564 1363 676 1421 'saltem
698 1367 861 1437 accusatus,
884 1364 1016 1422 fateatur
1033 1365 1130 1422 iratus

121 1472 174 1511 cur
196 1455 317 1528 peracto
345 1452 454 1511 scelere
481 1452 645 1511 modestiae
672 1453 771 1511 fronte
801 1449 957 1512 subsistit?
998 1452 1042 1510 nil
1066 1453 1139 1529 agis,

121 1541 322 1600 callidissime.
363 1543 511 1599 incestum
538 1541 658 1600 silentio
687 1543 783 1617 patris
810 1560 870 1600 non
897 1540 1054 1617 probatur,
1081 1541 1140 1599 nisi

80 1653 106 1692 re
121 1632 147 1689 si
176 1633 277 1690 taceat
306 1631 337 1688 et
366 1634 470 1689 mater.
525 1630 558 1688 P.
583 1648 638 1709 ego
668 1630 745 1688 nihil
774 1648 893 1704 accuso,
928 1630 1004 1688 nihil
1038 1629 1139 1704 probo.

121 1719 241 1793 sufficit,
263 1723 298 1778 ut
320 1722 444 1777 taceam.
485 1721 546 1777 iam
569 1722 638 1795 poet
665 1721 780 1778 exitum
804 1723 938 1779 revertor
959 1721 992 1777 in
1014 1721 1139 1795 patrem.

120 1812 155 1866 tu
177 1809 340 1883 inquietas,
363 1811 398 1867 tu
421 1808 575 1868 insultaris
598 1810 702 1868 occiso.
745 1813 779 1867 tu
801 1827 903 1868 rursus
932 1808 971 1868 ad
994 1808 1139 1883 populum

120 1899 262 1957 miserum
274 1916 425 1956 rumorem
442 1915 538 1957 vocas.
580 1900 730 1957 tutamen
744 1917 796 1957 cur
813 1898 881 1973 plus
900 1901 997 1956 matre
1012 1895 1140 1956 amasti?

121 1988 166 2046 M.
186 1988 258 2062 quia
283 1989 316 2045 tu
342 1987 410 2062 plus
435 1989 521 2061 patre
546 1986 664 2062 oderas,
688 2006 795 2062 parum
821 1986 944 2046 videbar
968 1987 1044 2045 mihi
1069 1986 1141 2045 duo·

80 2096 107 2134 ec
121 2096 189 2134 rum
212 2077 337 2152 implere
362 2075 509 2135 affectum.
558 2078 589 2134 et
612 2080 648 2134 ut
673 2077 773 2134 omnia
794 2078 883 2135 anxia
905 2095 972 2135 mea
994 2079 1026 2134 in
1052 2094 1141 2151 quae-

122 2165 233 2225 stiones
257 2165 378 2239 ducam,
408 2167 442 2223 tu
472 2166 603 2241 primum
632 2167 762 2241 explica,
792 2185 844 2224 cur
866 2165 962 2224 filium
985 2162 1142 2225 occidisti?

122 2255 228 2313 deinde
251 2258 351 2314 cetera
378 2253 564 2332 subiungam.
606 2255 640 2312 P.
658 2255 781 2314 infamis
805 2259 877 2314 erat.
920 2257 964 2313 M.
985 2252 1078 2329 quid?
1116 2252 1141 2312 si

123 2343 271 2402 occisurus
295 2363 369 2417 eras,
392 2361 444 2401 cur
462 2341 639 2402 nutrivisti?
680 2363 732 2403 cur
750 2343 906 2403 blanditiis
924 2341 1048 2403 fovisti?
1090 2362 1143 2401 cur

123 2431 277 2491 affectibus
314 2434 505 2492 securitatem
536 2431 723 2508 promisisti?
773 2451 811 2492 an
848 2433 1009 2508 parricidio
1041 2430 1142 2508 prodi-

81 2541 108 2580 re
122 2524 235 2579 tionem
258 2520 442 2579 adhibuisti?
482 2522 515 2578 Ρ,
536 2521 646 2580 fuimus
670 2521 805 2596 quidem,
833 2522 944 2580 t'nimus
966 2521 1067 2580 felices
1089 2539 1143 2597 pa·

122 2613 231 2683 renteS,
250 2609 319 2668 dum
338 2610 420 2668 rudis
439 2610 522 2669 unici
541 2610 686 2670 arrideret
698 2611 838 2685 infantia,
856 2609 927 2668 dum
946 2609 1006 2669 dici
1023 2611 1143 2686 poterat

123 2716 176 2757 nos
204 2698 300 2756 filium
327 2698 436 2756 habere
465 2717 519 2757 nec
548 2698 619 2757 addi
646 2699 817 2759 formosum.
859 2702 908 2758 ast
937 2698 989 2757 ubi
1012 2698 1143 2758 adolevit

123 2788 277 2860 iuventus,
305 2788 437 2846 omnium
461 2786 628 2847 maledictis
656 2788 869 2861 succlamatue,
897 2789 1029 2847 omnium
1053 2788 1141 2847 denc-

123 2877 238 2936 taticne
262 2877 420 2936 damnatus
449 2879 501 2935 est.
543 2876 612 2935 inde
634 2894 720 2935 rarus
743 2879 775 2935 in
798 2876 933 2954 publico,
957 2879 1039 2937 totus
1062 2875 1142 2953 apud

81 2988 109 3027 m
123 2970 257 3025 matrem.
296 2968 340 3024 M.
360 2965 468 3038 videte,
486 2964 518 3022 P.
535 2963 575 3038 O,
594 2964 666 3040 quid
685 2968 785 3024 actum
804 2967 852 3025 sit.
893 2965 977 3025 nulla
993 2965 1141 3042 puellares

124 3072 231 3129 annos,
258 3055 343 3113 nulla
364 3054 438 3113 rude
461 3055 633 3132 coniugium
656 3056 797 3130 respersit
822 3054 956 3114 infamia
997 3056 1078 3132 patn'
1101 3055 1141 3113 si-

124 3144 285 3202 millimum
303 3144 415 3219 peperi,
438 3161 491 3203 suo
510 3143 574 3202 fovi
593 3144 740 3219 amplexu,
759 3146 818 3204 suis
838 3145 901 3202 alui
918 3143 1066 3203 uberibus.
1107 3146 1143 3203 ut

196 3384 417 3439 acontentione.
433 3399 534 3453 parare
558 3393 603 3436 w
691 3388 845 3439 cmcrtem
864 3395 891 3437 ι’
979 3385 1146 3454 corporisr

125 3459 202 3524 (corr.
220 3473 291 3508 aran
306 3458 335 3525 2)
353 3466 382 3509 Β
443 3461 459 3509 8
479 3456 672 3510 accusationes
695 3465 741 3510 νη
805 3461 838 3510 10
857 3459 887 3510 et
900 3458 983 3526 prius
999 3473 1050 3511 om.
1067 3465 1146 3509 miv

122 3527 248 3654 lidda?
262 3536 312 3579 ΒΥ
379 3532 411 3580 17
431 3526 523 3581 otiose
541 3536 586 3579 w
652 3532 686 3580 26
703 3527 782 3581 unici
800 3544 851 3582 cra.
867 3536 945 3582 ΜΒ
1007 3531 1041 3581 28
1060 3527 1142 3579 devo·

1170 3664 1202 3715 Ι
