2430 3952
434 216 739 272 DECLAMATIONES
757 217 803 270 IV.
823 216 855 269 V.
1084 215 1149 280 395

136 390 305 464 praevisum
335 389 364 446 et
397 387 526 445 edictum
555 385 603 445 sit.
652 388 678 444 si
707 404 822 459 verum,
852 385 937 443 nulla
965 386 1147 461 praecisione

135 478 340 550 fiusnabitur,
377 477 423 534 sin
455 476 577 550 falsum,
614 475 697 533 nulla
726 476 841 532 ratione
878 477 1034 534 metuetur.
1088 495 1148 533 non

135 567 229 643 igitur
258 584 350 641 quare
380 566 530 639 moriaris,
561 565 655 639 ipsius
686 565 776 622 etiam
806 563 1010 622 mathematici
1038 564 1148 630 iudicio

135 656 293 714 invenitur.

107 803 119 841 5
457 777 493 834 V.
517 778 628 836 Anenn
650 793 822 836 annnuvvs.

134 904 234 963 Liberi
260 905 398 979 parentes
427 904 480 961 aut
503 902 586 961 alant
615 903 668 960 aut
697 900 874 960 vinciantur.
922 902 1044 976 quidam
1074 901 1148 961 duos

177 992 315 1066 habebat,
333 992 414 1068 frugi
437 994 467 1049 et
484 992 678 1050 luxuriosum.
718 1008 841 1067 peregre
860 991 986 1066 profecti
1005 1010 1022 1049 a
1041 993 1148 1066 piratis

178 1083 259 1158 capti
282 1083 359 1140 sunt.
401 1082 568 1139 luxuriosus
595 1080 725 1158 languet.
772 1079 859 1138 ambo
887 1080 923 1138 de
946 1080 1148 1156 redemptione

180 1171 319 1230 scribunt.
356 1173 443 1245 pater
457 1169 592 1228 omnibus
607 1171 668 1229 suis
682 1168 812 1227 venditis
825 1168 1032 1245 proficiscitur.
1066 1169 1148 1227 audi·

95 1283 120 1322 11
178 1261 223 1318 vit
255 1278 273 1317 a
304 1260 418 1336 pirata:
450 1260 537 1316 unius
567 1258 624 1315 erit
655 1257 723 1333 hoo,
760 1260 861 1315 utrum
892 1260 987 1316 mavis
1020 1256 1149 1337 eligere?

179 1367 300 1426 aegrum
313 1347 446 1406 redemit.
484 1348 544 1422 qui,
564 1346 634 1404 dum
648 1348 816 1421 revertitur,
834 1344 968 1425 mortuus
983 1350 1038 1425 est.¹
1073 1349 1149 1406 alter

178 1437 274 1513 ruptis
296 1436 424 1495 vinculis
447 1435 543 1494 rediit.
590 1436 732 1494 alimenta
750 1438 921 1512 poscuntur.
962 1437 1147 1495 contradicit.

199 1599 296 1656 Potor.
337 1598 502 1671 aestimate,
525 1595 558 1653 P.
578 1594 618 1670 (1.,
640 1596 829 1670 inopinatum
848 1596 1028 1655 calamitatis
1047 1615 1150 1679 genua,

133 1686 225 1745 filium
246 1686 376 1744 rediisse.
418 1685 564 1759 vivebam,
588 1686 622 1742 ut
644 1682 783 1758 viderem,
806 1685 971 1760 sperabam,
994 1687 1028 1743 ut
1047 1686 1147 1744 aleret.

95 1797 120 1837 rs
135 1776 242 1835 raam.
284 1774 429 1850 numquid
459 1774 496 1832 ab
527 1793 561 1832 eo
589 1773 711 1833 alendus
741 1775 799 1832 eris
830 1793 917 1848 quem
947 1775 1053 1851 piratis
1080 1775 1148 1833 reli-

134 1862 252 1940 queris?
287 1865 321 1922 P.
340 1883 400 1922 non
422 1863 566 1937 relinquit
585 1863 637 1937 qui
659 1861 802 1921 abducere
820 1863 931 1938 nequit.
968 1865 1005 1922 F.
1023 1865 1150 1938 potuisti

134 1974 238 2013 sanum
264 1955 417 2027 recepisse.
465 1953 498 2009 P.
521 1971 580 2010 non
604 1953 767 2028 potuissem
795 1952 833 2010 ad
864 1970 987 2030 aegrum
1018 1951 1148 2013 rediisse.

133 2045 169 2102 F.
193 2046 291 2119 patet,
315 2044 385 2117 quia
408 2041 493 2099 iilum
521 2042 616 2118 magis
645 2039 783 2100 dilexisti.
825 2042 857 2098 P.
882 2042 917 2100 de
941 2042 1056 2101 duobus
1079 2044 1148 2101 tali-

133 2133 188 2192 bus
210 2134 352 2190 neutrum
369 2131 465 2207 magle
484 2129 586 2207 diligit
608 2131 660 2205 qui
683 2149 806 2207 aegrum
827 2130 956 2189 redimit.
1001 2133 1038 2190 F.
1061 2132 1148 2190 illmn

93 2243 120 2284 11
134 2222 257 2299 elegisti.
305 2222 339 2278 P.
366 2220 403 2278 de
433 2219 546 2278 duobus
577 2219 678 2277 liberis
708 2237 793 2276 nemo
830 2219 938 2297 eligere
967 2223 1080 2296 potest,
1113 2222 1148 2279 de

134 2311 248 2370 miseris
271 2311 378 2384 potest.
420 2310 455 2367 F.
479 2311 514 2366 tu
531 2307 759 2382 relinquendum
781 2309 929 2383 iudicasti,
952 2309 1005 2367 ille
1028 2311 1148 2386 gavisus

135 2401 180 2457 est
203 2418 265 2458 esse
287 2398 438 2473 relictum,
461 2399 515 2456 tua
537 2396 728 2456 mendicitate
751 2417 798 2456 me
816 2397 943 2472 vindico,
967 2398 1029 2457 eius
1052 2401 1148 2457 morte

134 2507 194 2545 non
217 2487 309 2546 doleo
351 2488 384 2544 P.
407 2486 481 2544 haec
503 2505 550 2544 me
572 2489 625 2544 tua
650 2486 789 2562 impietas
813 2486 949 2545 absolvit.
995 2483 1148 2545 meliorem

135 2575 257 2653 elegisse
285 2577 446 2648 convincit,
477 2575 528 2633 sed
551 2575 703 2634 occasione
726 2594 786 2638 non
816 2577 892 2633 utar.
939 2575 1002 2634 sola
1027 2577 1148 2634 miseria

94 2688 120 2727 ss
135 2664 292 2724 consuluit.
334 2665 371 2721 F.
389 2663 441 2721 ille
459 2664 521 2721 iam
539 2663 652 2722 solutus
672 2668 744 2721 erat.
785 2665 846 2721 iam
867 2684 934 2722 eum
952 2665 1048 2739 pietas
1066 2665 1147 2723 rede·

135 2757 238 2813 marat.
285 2770 339 2829 ego
363 2751 498 2825 vinealia,
522 2769 576 2829 ego
599 2752 677 2810 fame
699 2751 835 2829 urgebar.
879 2754 913 2811 P.
938 2772 1026 2827 quem
1048 2753 1148 2828 pirata

135 2844 241 2918 aiebat,
264 2844 351 2918 pater
368 2837 554 2917 negligeret?
594 2842 626 2897 in
650 2859 738 2915 quem
756 2842 855 2916 pirata
875 2842 942 2917 pius
966 2844 1038 2915 erat,
1061 2846 1148 2918 pater

135 2933 207 3008 quid
229 2928 351 3009 ageret?
387 2931 423 2988 F.
443 2949 490 2987 me
509 2928 661 3004 redempto
679 2929 765 2987 illum
785 2930 953 2989 dimisisset.
994 2932 1027 2991 P.
1046 2933 1147 3006 immo,

135 3024 160 3080 si
184 3041 237 3099 ego
261 3040 320 3080 non
339 3020 494 3092 venissem,
516 3019 602 3076 illum
619 3017 788 3077 remisisset.
834 3021 870 3077 F.
891 3039 907 3077 1
932 3038 1021 3094 quam
1044 3024 1146 3097 aptam

207 3215 220 3261 1
240 3208 381 3276 provisum
396 3215 474 3261 RVB

207 3320 222 3367 6
236 3314 311 3384 frugi
325 3316 354 3368 et
367 3313 526 3367 luxuriosus
535 3275 573 3366 111
582 3312 634 3366 lex.
650 3322 678 3365 Ρ
733 3312 816 3366 liberi
825 3345 860 3352 —
870 3313 1027 3367 vinciantur
1036 3331 1086 3369 1111.
1104 3324 1149 3367 VB

136 3392 169 3440 10
184 3385 315 3456 elige{(re
325 3387 372 3455 er.)
386 3395 414 3452 νς
430 3384 503 3454 elige
518 3394 547 3438 ιι
601 3390 633 3437 12
648 3383 740 3453 poscit
754 3394 809 3450 1⁷33
824 3385 987 3454 poscitum
1042 3391 1074 3439 13
1090 3387 1146 3439 exi

134 3458 247 3510 stimate
262 3466 290 3510 11
345 3462 377 3509 15
391 3463 454 3511 aute
467 3455 606 3524 numquid
619 3456 683 3510 odd.
699 3466 739 3510 11:
755 3455 851 3510 audite
865 3456 972 3510 iudices
986 3456 1146 3510 inauditum

134 3527 337 3598 expectationis
346 3543 443 3597 genus,
456 3527 630 3597 insperatam
641 3527 777 3581 haetenus
792 3526 852 3596 spei
862 3528 983 3597 speciem
1037 3534 1073 3581 22¹
1086 3544 1150 3581 esse.

134 3599 337 3654 cotereliotum
350 3615 400 3652 om.
414 3607 459 3652 VB
512 3615 556 3653 me
570 3597 694 3652 vindico:
708 3599 837 3653 mendico
850 3608 896 3651 VB
948 3604 983 3652 24
997 3599 1057 3654 sola
1071 3600 1150 3653 bier.
