2430 3952
434 977 738 1051 PRAEFATIO.

145 1264 386 1324 Declamationes
409 1265 480 1322 XIX
503 1265 599 1324 altero
622 1286 651 1341 p.
671 1264 738 1324 Chr.
757 1285 796 1340 n,
819 1267 854 1323 ut
876 1265 1009 1341 videtur,
1034 1283 1098 1324 sae-

77 1354 144 1412 culo
180 1357 297 1412 exortas
331 1354 390 1412 iam
427 1358 534 1430 quarto
570 1355 689 1414 saeculo
724 1358 881 1413 exornatas
919 1353 1098 1424 Quintiliani

76 1445 197 1502 nomine
227 1461 290 1502 esse
320 1443 524 1519 circumlatas,
555 1463 614 1520 quo
642 1445 738 1520 magis
769 1462 818 1503 eas
847 1443 979 1521 legentes
1008 1463 1098 1520 appe-

77 1535 177 1591 terent
199 1535 291 1608 atque
316 1530 495 1608 arriperent,
522 1533 667 1608 probatur
693 1532 766 1591 locis
791 1532 970 1608 quibusdam
993 1551 1011 1591 a
1034 1532 1098 1590 Fir-

76 1621 155 1680 mico
177 1621 322 1696 Materno,
345 1621 539 1697 Hieronymo,
563 1621 666 1681 Servio
690 1624 744 1679 aut
766 1621 896 1680 laudatis
921 1623 976 1680 aut
998 1621 1097 1680 imita·

76 1712 159 1769 tione
182 1703 364 1791 expressis.¹)
411 1729 470 1787 quo
498 1711 613 1770 factum
642 1713 700 1785 est,
728 1712 763 1768 ut
790 1712 821 1769 et
843 1710 999 1786 splendore
1027 1710 1099 1770 falsi

76 1799 160 1858 illius
182 1799 312 1858 nominis
334 1800 471 1874 perducti
498 1802 529 1859 et
552 1801 651 1877 gratia
680 1819 738 1875 qua
767 1799 809 1859 eis
840 1818 958 1875 quoque
984 1802 1098 1874 tempo·

76 1887 160 1947 ribus
195 1888 426 1949 declamationes
458 1889 617 1964 florebant,
650 1888 791 1948 commoti
820 1889 867 1946 illi
898 1889 957 1948 viri
985 1888 1037 1964 qui
1064 1887 1097 1956 Q.

78 1976 202 2035 Aurelio
226 1976 404 2053 Symmacho
429 1981 459 2036 et
487 1978 572 2037 Virio
595 1978 777 2037 Nicomacho
800 1977 945 2037 Flaviano
975 1977 1098 2036 ducibus

78 2067 185 2142 quarto
208 2087 236 2142 p.
257 2064 323 2124 chr.
342 2086 371 2123 n.
396 2068 528 2142 saeculo,
556 2069 592 2125 ut
616 2069 772 2142 antiquam
798 2066 974 2144 religionem
998 2066 1098 2124 defen-

78 2155 182 2214 derent
201 2155 400 2231 antiquosque
419 2175 516 2215 mores
536 2159 745 2216 conservarent
768 2157 799 2214 et
816 2159 972 2214 tuerentur
995 2158 1099 2214 contra

77 2263 187 2304 novam
201 2243 440 2304 Christianorum
459 2245 634 2320 doctrinam,
653 2245 856 2304 Romanorum
870 2263 988 2321 quoque
1007 2245 1098 2319 scrip-

76 2336 177 2393 torum
201 2351 291 2410 opera
311 2352 328 2391 a
348 2334 586 2410 corruptelarum
604 2334 741 2394 sordibus
763 2352 892 2411 purgare
911 2333 1099 2407 studuerunt,

78 2442 137 2498 quo
170 2423 267 2499 magis
303 2425 432 2500 genuina
467 2424 564 2482 forma
596 2426 774 2498 recuperata
810 2424 864 2498 qui
897 2422 1031 2500 legerent
1060 2421 1098 2479 ad

76 2512 236 2587 pristinam
269 2513 414 2570 virtutem
455 2517 666 2572 revocarentur
705 2515 797 2588 atque
831 2511 1099 2584 inflammarentur,

77 2601 169 2660 etiam
200 2600 466 2660 declamationibus
499 2621 620 2678 operam
652 2604 805 2660 navarent.
853 2600 886 2659 id
918 2600 998 2676 quod
1031 2618 1099 2658 con·

76 2689 213 2748 firmatur
228 2689 495 2766 subscriptionibus
513 2691 545 2748 in
559 2691 710 2750 codicibus
729 2693 798 2767 post
814 2690 886 2748 decl.
901 2689 928 2746 X
948 2692 978 2748 et
995 2688 1099 2746 XVIH

77 2770 237 2860 servatis²)
261 2779 371 2854 quibus
394 2779 550 2838 edocemur
568 2780 737 2839 Domitium
758 2779 955 2837 Dracontium
980 2782 1010 2836 et
1028 2777 1099 2835 Hie·

76 2869 156 2926 rium
189 2867 420 2927 declamationes
452 2870 484 2926 in
515 2870 616 2928 schola
648 2869 706 2927 fori
734 2868 856 2927 Traiani
890 2858 1098 2948 emendasse.³)

76 2956 267 3033 perspicuum
290 2960 391 3015 autem
415 2959 460 3015 est
484 2958 597 3017 codices
626 2956 735 3032 quibus
758 2958 813 3015 illa
836 2957 1015 3032 subscriptio
1038 2959 1100 3013 tra-

76 3046 171 3119 ditur,
200 3064 236 3103 ex
259 3046 419 3121 exemplari
444 3046 575 3122 quodam
602 3047 722 3106 fluxisse
750 3051 828 3121 quod
850 3045 904 3103 illa
927 3045 1097 3104 recensione

76 3135 174 3193 Hierii
205 3138 235 3192 et
265 3134 421 3194 Dracontii
451 3136 539 3211 quasi
569 3136 763 3194 fundamento
794 3134 959 3208 nitebatur,
989 3136 1033 3193 ita
1062 3137 1099 3192 ut

150 3325 176 3394 1)
195 3322 231 3377 cf.
246 3322 283 3376 ed
304 3328 327 3387 1,
343 3328 366 3376 a.
388 3328 412 3389 3,
429 3327 469 3375 re.
485 3328 511 3389 4,
527 3328 567 3375 11.
588 3327 712 3389 4,13.a,
729 3327 770 3375 19.
792 3328 833 3389 12,
848 3327 890 3375 aa.
908 3321 999 3374 latit.
1016 3327 1059 3388 13,
1073 3327 1100 3374 a.

80 3399 121 3462 1⁶¹
137 3400 177 3528 lg,
195 3465 229 3519 of.
244 3482 272 3534 p.
288 3469 339 3517 206
359 3467 388 3518 et
407 3469 467 3519 335.

151 3539 176 3605 3)
196 3537 229 3591 of.
245 3536 316 3590 Mus.
332 3535 420 3589 Rhen.
436 3541 470 3589 60
484 3537 586 3607 (1905),
604 3555 631 3607 p.
648 3543 709 3592 154.
816 3596 823 3611 ἦ
