2430 3952
84 191 149 256 376
361 191 552 246 exosam
570 189 813 246 MONACENSIA.

82 361 264 419 frumentum
288 360 442 436 publicum
467 361 567 419 stertis
592 363 622 419 et
644 378 744 419 omnes
769 360 859 420 maris
883 361 1105 421 circumvectus

83 467 150 509 oras
173 449 264 509 litora
285 452 449 524 portusque
480 451 632 528 cognoscis
659 449 773 508 alienae
797 448 927 508 civitatis
951 449 1104 526 conditor,

81 540 153 598 tuae
177 556 302 597 eversor.
348 539 476 598 secunda
493 540 670 614 tempestate
689 539 722 597 in
743 541 874 614 patriam
892 538 1007 597 ferente
1030 557 1105 599 con-

80 629 190 686 trarios
214 629 318 686 ventos
348 630 478 703 exoptas.
524 646 578 686 nos
604 629 727 686 interim
752 647 807 702 per
829 628 946 686 arentes
976 645 1105 704 campos

82 716 168 776 effusi
189 735 244 791 pro
267 716 367 775 radice
389 716 467 774 forte
489 719 608 791 reperta
626 717 765 775 rixamur.
811 716 984 792 pestilentia
1007 718 1103 775 mori·
1131 737 1144 779 e

80 824 149 864 mur
162 808 197 863 ut
209 805 345 881 pecudes,
364 823 473 880 pecora
491 804 658 879 cecidimus,
677 823 797 881 campos
816 804 986 879 evulsimus,
1005 805 1103 866 silvas

81 891 289 969 destruximus,
307 895 467 953 novissime
485 894 561 952 nihil
578 895 716 954 relictum
735 896 780 953 est
797 896 915 969 praeter
934 893 1104 954 esurientes

81 985 112 1042 et
134 986 275 1042 mortuos.
318 985 430 1041 terram
456 985 616 1042 morientes
641 982 871 1042 momorderunt.
913 983 1104 1060 semetipsos,

81 1072 107 1133 si
136 1073 212 1130 nihil
242 1071 328 1130 affuit
362 1071 457 1145 aliud,
488 1072 671 1132 comedentes
705 1072 827 1130 tandem
858 1072 929 1130 feris
963 1071 1103 1133 invidere

82 1159 240 1237 coepimus.
292 1160 390 1236 primo
420 1163 522 1219 tamen
555 1161 661 1220 furtim
695 1163 725 1220 et
753 1162 882 1220 latenter
914 1161 972 1220 hoc
1002 1162 1102 1223 scelus
1117 1183 1141 1224 ie

83 1251 209 1326 quisque
231 1248 352 1309 admisit
376 1252 406 1308 et
428 1251 607 1325 monstrum,
633 1252 663 1310 et
685 1249 711 1310 si
732 1251 823 1325 paulo
847 1249 934 1309 citius
956 1252 1103 1326 venisses,

81 1339 228 1415 potuisset
249 1339 305 1397 hoc
323 1338 434 1416 negari.
481 1339 628 1414 siquidem
647 1357 752 1416 corpus
776 1359 811 1397 ex
829 1340 928 1416 strage
952 1339 1103 1416 defuerat,

82 1429 231 1504 sepultum
260 1427 451 1504 putabamus,
482 1447 536 1487 nco
565 1431 665 1487 tamen
686 1427 833 1487 indicavit
863 1427 1023 1503 quisquam
1046 1449 1103 1488 nec

81 1517 275 1594 deprehendit
293 1517 410 1592 uliquis.
453 1536 549 1592 nemo,
568 1520 603 1575 ut
620 1518 676 1576 hoc
693 1517 813 1591 faceret,
837 1516 969 1592 exemplo
989 1518 1103 1594 impul-

82 1625 133 1666 sus
156 1608 214 1681 est,
244 1607 423 1681 aequisque
452 1606 566 1680 docuit,
596 1625 697 1665 omnes
728 1605 802 1665 scire
825 1606 988 1682 coepimus,
1017 1610 1103 1683 post·
1117 1628 1141 1669 u

82 1715 172 1772 quam
191 1714 291 1755 omnes
309 1695 441 1755 fecimus.
479 1696 615 1771 quotiens
629 1697 739 1769 tamen,
753 1696 915 1770 antequam
928 1696 1103 1772 inciperem,

81 1787 114 1844 in
136 1787 257 1861 portum
286 1785 415 1858 cucurri,
443 1784 585 1858 quamdiu
613 1785 646 1842 in
674 1784 770 1842 altum
791 1785 938 1859 intentus,
965 1786 993 1842 si
1022 1804 1103 1862 quae

82 1876 181 1934 essent
203 1873 235 1931 in
258 1875 418 1948 conspectu
441 1891 541 1948 naves,
565 1874 666 1932 oculos
689 1873 825 1950 fatigavi.

16 1957 22 1970 ’
148 1963 228 2039 Ergo
259 1960 358 2020 rabidi
394 1980 484 2037 supra
521 1963 667 2021 cadavera
697 1960 885 2020 incubuimus
922 1964 953 2021 et
989 1962 1101 2023 clausis

82 2051 184 2123 oculis,
209 2052 295 2124 quasi
316 2051 398 2109 visus
417 2052 597 2109 conscientia
621 2049 753 2110 acerbior
776 2054 861 2124 esset,
884 2052 951 2109 tota
974 2069 1142 2128 corporane

83 2137 229 2198 morsibus
253 2140 496 2213 consumpsimus
542 2138 622 2198 subit
640 2139 760 2197 interim
783 2140 888 2198 horror
907 2159 942 2198 ex
964 2140 1048 2200 facto
1073 2144 1103 2202 et

83 2227 216 2287 taedium
231 2246 265 2285 ac
279 2227 437 2286 detestatio
457 2228 502 2285 sui
522 2230 552 2287 et
569 2229 715 2303 planctus
761 2229 812 2287 sed
826 2248 893 2288 oum
907 2228 945 2288 ab
958 2229 1103 2290 infaustis

83 2318 215 2395 fugimus
235 2316 316 2391 cibis,
335 2317 397 2374 urit
410 2318 519 2375 iterum
533 2317 627 2376 fames
641 2319 672 2375 et
690 2317 769 2392 quod
789 2337 825 2376 ex
843 2337 893 2376 ore
910 2319 1103 2395 proiecimus,
1200 2362 1201 2377 ,

83 2400 283 2483 colligendum
302 2407 354 2464 est.
393 2424 459 2463 cum
477 2406 510 2463 in
523 2406 692 2466 devorando
711 2409 834 2465 ventum
852 2408 917 2465 erat
935 2406 973 2466 ad
992 2407 1104 2468 faciem
1200 2435 1201 2454 ÷

84 2498 114 2555 et
130 2496 289 2569 reliquum,
309 2495 361 2552 ubi
377 2495 507 2572 refulget
525 2496 652 2555 hominis
666 2497 789 2571 propria
807 2497 887 2570 nota,
905 2496 1104 2556 inhorrebant
1117 2517 1141 2559 ss
1200 2538 1202 2553 ,

82 2585 138 2661 pili
161 2587 192 2642 et
215 2587 297 2643 artus
322 2582 448 2660 edentis,
474 2584 525 2643 sed
551 2585 745 2661 praevalebat
772 2585 909 2644 stimulus
933 2585 1037 2660 famis,
1068 2589 1105 2645 ut

84 2675 220 2750 carperet
242 2673 396 2732 famelicus
414 2693 519 2732 nasum
544 2675 574 2732 et
596 2673 678 2732 labia
702 2676 731 2732 et
751 2676 848 2732 totam
870 2674 978 2732 faciem
1001 2674 1105 2734 demo·

83 2763 190 2822 liretur
219 2764 254 2820 ut
289 2764 377 2821 canis.
423 2762 640 2821 insidiabamur
670 2762 804 2822 infirmis.
851 2763 898 2821 illi
928 2763 964 2821 ab
995 2765 1104 2826 amicis

84 2852 250 2911 astantibus
279 2851 464 2926 sepulturam
492 2851 641 2929 rogabant
669 2853 801 2926 tantum;
827 2853 879 2911 sed
906 2851 976 2910 dum
1006 2852 1105 2914 fames

82 2943 178 3017 urget,
201 2939 376 2999 beneficium
398 2941 574 3000 factumest
598 2942 767 3017 exspectare
788 2959 919 3020 aegrum,
943 2940 1015 2999 dum
1039 2962 1105 3002 mo·
1119 2963 1144 3005 aa

83 3030 169 3087 ritur.
210 3048 296 3088 nemo
316 3029 389 3088 adeo
413 3029 511 3088 affinis
535 3031 603 3104 fuit,
625 3048 711 3088 nemo
730 3032 794 3088 tam
812 3031 995 3090 coniunctus
1012 3050 1106 3106 quem

82 3119 181 3194 pietas
211 3119 381 3177 abstineret.
432 3121 548 3178 nostros
579 3119 773 3193 comedimus,
803 3123 928 3178 nostros.
973 3139 1048 3180 nam
1080 3125 1107 3182 si
1202 3188 1203 3194 χ

85 3206 197 3266 alienos
233 3207 391 3282 vellemus,
427 3227 513 3267 nemo
551 3207 687 3266 audebat.
728 3208 785 3266 hoc
820 3207 929 3267 nostris
966 3208 1106 3271 fecimus.
1201 3203 1203 3228 ³

84 3297 223 3354 aestuant
259 3296 354 3355 adhuc
390 3299 471 3355 intra
507 3298 610 3372 pectus
647 3298 764 3373 sepulta
799 3296 953 3356 ventribus
991 3301 1107 3361 nostris

84 3387 212 3462 cognata
234 3387 356 3444 viscera.
398 3387 459 3445 iam
482 3387 561 3444 enim
584 3388 673 3445 vacat
693 3385 777 3445 nobis
800 3387 911 3463 lugere,
933 3388 997 3445 iam
1020 3389 1107 3451 cibos
1120 3409 1146 3452 sa

159 3578 174 3626 3
193 3572 315 3627 ferentes
334 3581 365 3625 M
