2430 3952
144 203 185 267 18
477 202 606 257 Pharas
625 201 820 258 PALMATVS

141 391 223 450 rogo,
247 371 326 448 qued
345 372 417 433 duos
440 376 560 449 separat
576 372 676 432 media
700 373 797 448 domo,
818 374 849 431 te
871 371 1020 450 integram
1040 392 1161 450 sanam,

141 461 228 520 illum
254 462 403 521 infelicem
430 481 548 522 caecum
575 462 772 522 contumeliae
798 463 999 538 opportunum
1024 462 1160 522 iniuriae

141 550 273 626 facilem,
302 554 403 609 utrum
429 551 491 610 filio
520 553 670 611 irascatur
696 569 735 610 an
762 549 868 610 uxori?
910 545 1013 626 ‘nolo'‚
1044 551 1159 628 inquit,

144 635 284 715 iuvenis,
311 641 406 700 utaris
434 658 559 699 amoena
587 639 692 699 domus
720 643 819 717 parte,
846 660 884 699 ne
907 641 949 699 sie
976 658 1053 715 quae
1080 641 1157 700 niti-

142 728 273 788 dioribus
295 731 383 790 tectis
406 729 560 788 elaborata
583 731 661 804 sunt,
686 731 857 805 pertineant
879 728 918 788 ad
940 729 1040 789 oeulos
1063 725 1158 790 tuos?
1184 745 1199 789 a

142 817 209 893 quis
232 821 295 877 tam
322 819 413 878 stulte
440 818 579 878 irascitur
601 837 701 892 caeco,
728 821 763 877 ut
784 821 871 893 putet
892 817 973 877 illius
1000 819 1158 895 interesse,

141 906 192 965 ubi
214 907 350 966 habitere
372 905 531 966 iubeatur?
576 911 606 966 te
630 909 730 984 potius
753 908 804 965 ille
828 908 1001 982 summovit,
1023 909 1085 968 tuis
1108 908 1158 968 in·

140 996 253 1056 vidium
275 997 347 1055 fecit
370 996 458 1074 odiis,
485 997 542 1055 tibi
565 996 651 1055 dicit:
679 991 833 1072 ‘sufficiat
861 998 934 1056 satis
958 999 1016 1073 est,
1042 997 1157 1057 habeas

140 1086 283 1144 maiorem
305 1085 409 1144 domus
431 1089 554 1162 partem.
601 1084 752 1144 absentem
774 1087 852 1162 puta
872 1086 1021 1160 miserum,
1044 1087 1078 1145 in
1100 1106 1158 1163 pa-

140 1174 233 1233 ternis
257 1173 374 1233 sedibus
392 1174 523 1250 aliquem
542 1174 686 1252 angulum
703 1170 858 1250 relinque.²
895 1177 991 1252 pater,
1014 1177 1067 1251 qui
1089 1175 1156 1237 filiu
1171 1194 1197 1234 ιο

141 1263 195 1322 sub
219 1281 346 1323 noverca
373 1263 512 1341 adsignat
538 1265 682 1322 secretam
710 1263 814 1322 domus
837 1267 966 1341 partem,
994 1263 1158 1324 confitetur

140 1353 225 1410 uxori
248 1370 279 1411 se
303 1353 439 1412 abdicare
462 1371 522 1411 non
544 1371 639 1430 posse.

207 1442 327 1501 Transit
349 1442 387 1500 ad
411 1441 494 1501 aliud
512 1460 604 1520 genus
623 1441 815 1501 defensionis:
838 1441 896 1501 sibi
914 1459 1035 1501 causam
1053 1443 1156 1503 caedis

139 1550 199 1590 non
222 1530 325 1607 fuisse,
349 1551 415 1591 cum
437 1532 486 1590 hic
508 1532 592 1590 heres
614 1532 753 1590 inventus
782 1532 822 1590 sit
844 1531 977 1590 omnium
998 1530 1155 1592 bonorum.

140 1621 206 1697 quis
230 1621 308 1679 enim
331 1621 408 1680 alius
432 1639 494 1680 esse
518 1620 636 1694 debeat,
664 1623 699 1677 ut
719 1620 790 1679 huic
816 1619 1036 1697 properandum
1060 1621 1196 1682 fueritis

139 1709 178 1768 ad
205 1708 422 1769 hereditatem?
465 1709 544 1768 filius
576 1710 704 1785 scriptus
735 1728 796 1768 non
822 1710 910 1768 timet
935 1710 1156 1785 paenitentiam

139 1801 318 1857 testamenti.
356 1800 488 1857 omnium
505 1798 650 1857 bonorum
673 1798 757 1857 heres
777 1797 898 1857 relictus
917 1801 970 1858 est.
1002 1816 1063 1856 non
1082 1817 1155 1877 ergo

140 1886 322 1946 irascebatur
340 1890 434 1963 pater,
458 1905 524 1946 cnm
543 1887 628 1946 daret
646 1889 789 1946 secretam
807 1887 911 1946 domus
929 1889 1054 1964 partem.
1091 1906 1156 1947 non

139 1979 264 2052 possunt
290 1976 347 2034 tibi
370 1977 487 2036 diversa
504 1977 656 2052 prodesse3
684 1976 786 2034 eadem
809 1976 938 2035 obiceres
962 1994 1026 2051 reo,
1053 1976 1080 2035 si
1104 1996 1154 2036 ex·

139 2064 296 2123 heredebus
319 2067 406 2124 esset.
453 2066 528 2143 elige
551 2068 653 2124 utrum
675 2066 764 2124 voles.
802 2067 828 2124 si
851 2065 938 2124 scivit
961 2083 992 2124 se
1015 2082 1078 2125 esse
1101 2066 1154 2127 he·
1168 2086 1198 2127 ac

138 2153 251 2231 redem,
282 2173 381 2213 amare
408 2157 524 2231 patrem
556 2153 671 2230 debuit3
704 2155 729 2213 si
760 2154 924 2232 ignoravit,
956 2172 1015 2212 non
1045 2154 1156 2215 habuit

140 2243 220 2318 quod
243 2246 376 2317 speraret
399 2262 433 2302 ex
456 2245 551 2320 patris
573 2247 677 2302 morte.
721 2244 871 2319 reliquum
894 2243 952 2318 est,
978 2244 1013 2300 ut
1035 2243 1155 2302 intuea-

139 2351 218 2405 mur,
245 2332 296 2390 ille
325 2334 377 2408 qui
404 2333 506 2408 periit,
532 2331 569 2392 ab
593 2335 661 2391 utro
684 2333 779 2410 magis
802 2336 936 2392 vestrum
959 2331 1155 2394 desideretur.

87 2424 123 2481 17
207 2421 247 2479 Te
275 2421 382 2498 opinor
407 2422 455 2480 hic
482 2422 604 2499 gravius
632 2420 725 2480 afficit
753 2421 849 2496 dolor,
878 2421 1075 2497 inpatientius
1101 2421 1154 2482 hic

138 2510 238 2568 luctus
262 2511 423 2586 exanimat,
447 2512 476 2570 te
501 2529 575 2587 quae
599 2509 732 2569 obsoleta
753 2511 889 2587 protinus
912 2510 999 2584 nube,
1022 2514 1053 2569 et
1075 2512 1153 2571 tem·
1168 2526 1199 2574 st

210 2662 332 2730 lquod:
352 2662 401 2731 qni
419 2672 447 2716 Ρ
513 2662 681 2717 amedias
747 2664 776 2715 te
795 2670 892 2717 cmm
961 2660 1080 2716 aillam
1099 2677 1155 2728 acy

139 2737 154 2785 3
173 2735 280 2786 uttrnm
293 2734 333 2788 vel
346 2733 452 2787 utirum
466 2735 510 2805 (cf.
526 2734 543 2789 l.
557 2737 605 2803 20)
621 2743 642 2786 V
692 2734 840 2788 irascatur:
860 2735 991 2802 separata
1004 2755 1020 2785 ι
1078 2738 1095 2786 4
1114 2751 1154 2788 ne

139 2839 179 2893 sic
194 2856 266 2909 quac
280 2841 371 2895 Desa:
390 2839 537 2908 nesciaque
554 2802 696 2909 (nesciilue
704 2850 739 2907 Β,
753 2805 884 2909 nescibue
903 2843 934 2909 V)
949 2861 984 2909 ως
999 2856 1034 2895 ne
1048 2839 1121 2894 haec
1137 2853 1156 2895 s

138 2917 154 2964 5
175 2928 231 2964 non
249 2911 410 2980 pertineant
429 2920 470 2978 1113
493 2927 549 2965 non
567 2912 710 2980 pertinent
733 2912 805 2980 δὼς
830 2911 910 2985 <an>
928 2911 1091 2980 pertineant
1109 2913 1152 2968 Η.

133 3000 163 3051 p.
179 2987 214 3036 54
282 2981 426 3036 labitare
444 2991 472 3035 Β
538 2982 677 3037 8habeas
695 2992 764 3051 ΒΒ;
783 2983 870 3038 habes
888 2984 988 3051 reliqui
1050 2987 1153 3052 lipar-

137 3056 194 3107 tem
218 3053 354 3120 domnae
426 3053 542 3108 absente
559 3063 588 3107 B
657 3059 686 3120 in
704 3056 776 3124 puta
793 3064 826 3108 Β
902 3054 1034 3108 miseram
1052 3064 1080 3106 P

138 3130 171 3177 10
191 3125 317 3181 sedibus:
341 3125 475 3190 edibusp
538 3125 599 3194 qui:
628 3127 691 3194 quis
708 3135 761 3180 BV
812 3131 844 3179 11
864 3141 1012 3179 novercam
1029 3133 1082 3177 BV

138 3232 282 3302 seuguer:
303 3232 464 3301 adsignavit
483 3242 519 3298 123
541 3232 692 3301 nsignite
760 3237 793 3286 15
811 3196 868 3285 lue
885 3241 913 3285 n
975 3237 1008 3286 re
1028 3231 1153 3287 eredita

137 3342 194 3393 tem
211 3349 240 3393 Β
300 3326 476 3409 paenitentia
495 3341 525 3408 (⁹
536 3340 632 3408 posuit
645 3341 672 3408 a)
686 3347 715 3391 Β
781 3343 814 3391 18
833 3319 990 3392 irasssbatur
1003 3346 1031 3390 Β
1091 3354 1152 3393 non

137 3465 186 3503 om.
203 3455 235 3499 Β
305 3451 337 3499 19
356 3428 515 3514 pbdesseB
586 3450 620 3497 20
638 3444 792 3514 heredetas
808 3452 848 3509 Β,
868 3461 936 3498 corr.
950 3466 982 3497 m
1040 3445 1151 3502 utrum:

136 3520 240 3584 utirnm
259 3527 281 3570 V
331 3517 368 3571 si:
388 3517 425 3570 sis
439 3526 467 3570 Β
520 3520 552 3569 21
571 3517 685 3586 {amare
699 3524 732 3568 Μ
782 3520 816 3567 23
836 3514 921 3569 abuto
936 3517 1091 3586 M(reupr.
1105 3520 1153 3587 m)

137 3597 171 3644 ‘34
203 3590 328 3660 gravius:
361 3588 454 3659 gravis
480 3595 533 3639 BV
610 3591 643 3639 25
671 3589 754 3654 teque
783 3585 910 3640 absolata
936 3608 959 3638 ω
984 3593 1092 3655 praeter
1120 3597 1153 3658 s,
