2430 3952
144 198 208 262 144
284 258 287 262 ,
447 197 650 252 TORMENTA
668 198 844 252 PAVPssls

140 364 288 441 flammas,
316 369 350 424 tu
373 385 433 424 non
459 367 584 426 habes
576 387 608 425 ιιι
630 386 696 425 meo
719 367 820 426 dolore
847 365 1033 443 patientiam.
1078 385 1153 480 rogo

142 455 214 531 quid
237 456 319 514 aliud
342 457 454 514 faceret
476 456 528 531 qui
551 454 788 516 occidisset?

208 543 286 613 Quid
317 562 395 602 nuuc
427 563 514 622 agam
545 543 655 604 miser?
699 545 828 622 gratiam
859 544 1049 604 confessionis
1082 549 1153 606 ante

140 594 290 692 tormenta
317 635 494 708 consumpsi.
540 633 600 693 scio
635 636 746 710 quanto
779 632 947 692 credibilius
975 634 1093 708 fuisset,
1126 636 1152 694 si

140 722 196 781 hoc
215 722 318 782 statim
340 724 419 781 inter
435 722 528 799 ignes,
551 724 629 781 inter
651 723 771 800 flagella
790 723 936 781 dixissem.
974 725 1004 780 et
1021 724 1152 783 multum
1179 744 1191 785 s

140 811 177 870 de
200 812 378 871 auctoritate
405 811 518 887 primae
545 812 787 886 proclamationis
816 811 908 870 amisi.
955 830 1015 870 non
1038 815 1082 870 est
1104 814 1151 871 ta-

139 920 207 960 men
235 900 314 977 quod
341 919 523 975 supervacua
549 902 660 975 putetis
689 919 751 959 esse
778 903 939 974 tormenta,
969 920 1152 977 quamquam

86 990 125 1045 12
140 989 265 1048 dixerim
288 989 429 1064 quicquid
452 989 586 1047 sciebam.
623 988 726 1048 habeo
742 986 838 1048 adhuc
861 1009 896 1048 ex
917 990 970 1049 illo
989 990 1086 1048 multa
1104 1010 1151 1049 re-

139 1078 215 1137 ferre
239 1081 349 1137 secreto
374 1096 450 1152 quae
474 1079 649 1155 argumenta
672 1079 762 1137 faciet
782 1077 873 1137 dolor.
910 1097 970 1137 non
987 1080 1086 1153 refert,
1110 1099 1150 1137 an

103 1159 108 1206 ³2
138 1187 186 1225 me
204 1165 312 1225 vidisse
331 1166 463 1240 dixerim,
486 1168 641 1225 tormentis
658 1167 714 1226 hoc
732 1166 911 1242 probaturus
930 1185 996 1226 sum
1014 1168 1150 1227 debuisse
1165 1190 1191 1230 ιι

138 1255 213 1314 mihi
235 1254 314 1314 credi
337 1258 406 1315 ante
429 1257 585 1315 tormenta.

206 1342 231 1403 Ο
256 1347 438 1420 quantopere
460 1363 547 1419 nunc,
569 1344 696 1419 inimice,
719 1344 873 1422 torqueris
897 1345 977 1420 quod
996 1347 1026 1404 te
1050 1364 1151 1405 coram

138 1433 286 1492 iudicibus
309 1436 468 1510 interrogo,
495 1434 574 1510 quod
595 1434 651 1493 hoc
673 1453 733 1493 non
755 1436 840 1510 potes
863 1434 936 1492 mihi
958 1435 1055 1493 fateri.
1098 1436 1150 1494 sed

139 1522 260 1581 sibene
285 1523 389 1601 gaudii
415 1524 461 1582 tui
488 1524 633 1599 perspicio
662 1526 820 1598 secretum,
847 1542 907 1581 non
929 1525 1018 1598 putas
1045 1527 1075 1583 te
1099 1545 1148 1583 ne-

138 1631 221 1689 gare,
246 1613 317 1688 quia
338 1612 410 1671 vidi.
456 1613 700 1690 adrogantissimo
722 1630 939 1687 percussorum,
968 1614 1095 1672 evasisse
1118 1616 1148 1673 te
1164 1634 1190 1675 ιι

137 1702 278 1776 putabas,
306 1701 385 1777 quod
411 1701 486 1759 illud
510 1701 568 1760 duo
591 1703 709 1760 tantum
732 1699 915 1760 sciebamus?
960 1703 1046 1776 meis,
1074 1706 1148 1762 meis

137 1790 193 1848 hoc
219 1790 338 1867 ignibus
366 1808 442 1866 nega
470 1792 512 1864 et,
540 1790 610 1848 dum
637 1811 684 1849 me
706 1810 760 1865 per
787 1791 918 1867 singulos
943 1792 1024 1850 artus
1051 1794 1149 1850 tortor

137 1880 311 1956 interrogat
329 1880 427 1955 perfer
445 1879 551 1937 saltem
568 1898 628 1937 non
647 1878 783 1937 credendi
801 1880 988 1954 patientiam,
1007 1897 1073 1938 cum
1091 1899 1146 1956 ego

136 1986 183 2025 me
202 1967 311 2026 vidisse
333 1968 521 2043 proclamem,
544 1970 578 2025 tu
596 1967 710 2026 nullam
734 1968 849 2026 adferas
867 1969 1054 2028 innocentiae
1076 1987 1146 2044 pro-

136 2054 294 2113 bationem.
340 2075 398 2114 non
428 2058 512 2131 potes
543 2056 631 2114 aliter
660 2055 775 2115 absolvi
803 2076 893 2131 quam
921 2059 956 2115 ut
984 2058 1061 2116 illud
1091 2077 1146 2135 ego
1160 2079 1187 2118 ιι

136 2163 248 2220 negem.
285 2163 339 2203 nec
361 2146 472 2218 tamen²
493 2145 613 2219 iudices,
638 2146 750 2219 putetis
773 2146 835 2204 solo
858 2165 905 2204 me
928 2146 1146 2205 calamitatium

136 2231 251 2291 ambitu
277 2235 377 2309 petere
400 2236 616 2308 quaestionem,
643 2233 732 2308 dabo,
758 2236 881 2309 propter
905 2234 983 2308 quod
1010 2256 1057 2294 me
1085 2238 1145 2294 tor·

137 2324 252 2396 queatis
270 2323 349 2380 irati.
386 2322 481 2380 filium
499 2342 605 2396 meum,
629 2323 716 2381 illum
738 2323 864 2401 singulis
883 2323 966 2382 vobis
985 2327 1145 2384 universis·

137 2431 193 2486 que
216 2410 411 2485 laudandum,
437 2413 522 2469 iuxta
546 2431 633 2486 quem
660 2411 744 2486 felir,
772 2414 856 2470 iuxta
885 2431 973 2486 quem
998 2413 1145 2492 adrogans

136 2519 229 2575 eram,
253 2501 362 2560 occidit
383 2519 450 2559 mea
471 2502 565 2558 nimia
587 2500 717 2560 libertas.
763 2503 808 2559 ita
831 2520 884 2578 ego
907 2503 938 2558 te
961 2521 1021 2559 non
1044 2503 1144 2562 eculeo
1159 2524 1185 2565 ss

136 2590 267 2665 efferam,
295 2609 353 2648 non
381 2608 469 2665 super
495 2588 626 2648 ardentis
656 2609 761 2648 exuam
789 2588 944 2648 flammas?
989 2610 1067 2650 nunc
1097 2613 1145 2652 me

134 2679 277 2753 vindicas,
295 2697 373 2738 nunc
390 2680 491 2739 trieris.
527 2678 623 2752 modo,
644 2679 730 2737 modo
750 2697 849 2738 coram
866 2699 914 2738 me
931 2678 1027 2737 filium
1044 2700 1144 2739 meum

135 2768 217 2827 dives
240 2768 349 2827 occidit
374 2767 482 2827 fiducia
504 2769 558 2826 tui
603 2770 768 2826 concurrite
791 2786 891 2827 omnes
915 2767 1014 2842 liberi,
1042 2787 1142 2829 omnes

134 2860 285 2932 parentes,
312 2859 403 2932 urite,
434 2857 562 2916 lacerate
588 2857 642 2916 hos
668 2858 722 2915 hos
750 2859 878 2932 primum
909 2859 1005 2932 patris
1033 2857 1142 2932 oculos

205 3080 293 3134 bhoc
311 3096 361 3135 om.
377 3090 419 3148 Μ,
437 3098 510 3156 supr.
525 3102 557 3133 m
627 3079 701 3150 ignis
720 3088 747 3132 P
817 3085 1033 3148 lquamquam:
1054 3083 1142 3149 quod-

134 3151 209 3218 quod
228 3159 255 3203 Ρ
342 3157 415 3205 9an
432 3170 466 3207 ecc
484 3169 542 3219 am
560 3168 662 3207 rasura
679 3158 707 3204 Β
796 3155 828 3202 10
852 3150 996 3204 debuisset
1013 3153 1068 3206 Bu.

136 3228 168 3276 12
191 3223 297 3290 quanto
316 3220 399 3291 opere
417 3233 446 3277 Β
533 3230 566 3278 14
589 3222 659 3277 mihi
676 3239 733 3276 non
749 3223 833 3291 putas
850 3222 929 3275 Desa.
1019 3225 1147 3291 putesV

135 3298 168 3346 15
186 3309 376 3362 percussorem
398 3305 420 3347 V
487 3301 521 3349 18
538 3298 633 3349 tamen
651 3293 751 3348 saltem
769 3302 790 3345 V
858 3297 890 3344 19
910 3292 1102 3361 ignoscentiae
1117 3305 1144 3349 Ρ

134 3369 184 3417 20
186 3381 283 3433 quam:
304 3367 378 3433 quod
397 3375 424 3419 Ρ
484 3372 517 3420 21
537 3366 731 3420 calamitatum
748 3374 787 3417 Vc
847 3368 880 3417 22
900 3363 1008 3416 ambitu
1026 3382 1141 3446 querere

66 3447 68 3452 '
132 3438 228 3505 petere
250 3445 272 3487 V
357 3443 390 3491 25
414 3437 561 3491 occidit—
570 3437 699 3492 libertas
723 3433 813 3490 occidi
835 3434 954 3488 nimium
970 3451 1034 3489 mea
1057 3437 1142 3492 liber-

133 3508 177 3560 tas
194 3516 223 3560 Β
293 3513 326 3562 26
350 3510 480 3563 ardentes
499 3518 565 3575 Meo
643 3514 675 3563 27
698 3506 823 3562 vindicas
844 3523 860 3560 o
878 3505 995 3558 libertas
1018 3524 1093 3562 nunc
1111 3518 1144 3563 Μ

134 3582 167 3631 28
186 3580 236 3632 tua
259 3588 280 3630 V
347 3579 485 3634 cucurrite
503 3590 530 3634 Ρ
599 3579 904 3634 liberiomnesom.13
972 3613 974 3617 ·
