2430 3952
242 232 245 238 -
359 202 804 258 111111111110111111-11.
1028 203 1091 267 163

80 392 138 446 que
160 373 251 432 fuisse
277 374 456 447 periturum,
484 391 551 431 cum
574 372 771 447 convaluerit,
797 372 906 447 probat
932 375 1092 447 utrumque

79 463 236 520 victurum.
283 461 322 518 ad
344 463 547 539 saevissimam
571 464 754 520 curationem
780 463 881 536 potuit
904 480 1025 539 aegrum
1047 463 1092 519 fa-

80 551 165 610 cilius
192 549 373 609 mehercules
401 551 561 626 explicare,
588 552 615 608 si
638 552 714 610 esset
736 552 818 609 unici
841 552 935 625 pater.
982 550 1093 609 sufficit

80 657 149 717 ergo
173 657 352 715 comparare,
376 639 544 699 decernere:
568 659 627 697 uon
649 641 759 698 iterum
778 640 830 697 ille
848 639 906 697 tibi
924 641 1091 715 pretiosior,

53 730 131 790 cille
154 729 260 786 melior
281 730 406 804 incipiet
429 747 491 788 esse
514 730 638 788 victuro.

146 817 207 875 Vbi
223 819 267 876 est
281 811 513 895 <im>patieutia
532 836 591 892 qua
605 819 655 876 vix
674 818 838 876 dimittitur
856 816 982 877 cadaver
999 818 1031 874 in
1044 836 1091 875 ro·
1109 818 1144 875 lo

80 925 142 984 gos,
154 925 213 981 qua
227 924 333 982 corpus
348 909 481 966 exanime
494 907 644 965 detinetur
657 904 816 982 amplexu?
843 906 886 964 dii
899 906 1091 979 immortales

80 1013 171 1070 quam
193 1013 291 1070 saeva,
315 1015 405 1070 quam
428 995 555 1054 crudelis
578 997 624 1054 est
645 998 712 1072 ipsa
735 996 899 1054 cunctatio!
925 996 996 1053 dum
1019 995 1091 1052 deli-

78 1085 173 1159 beras,
196 1084 268 1142 dum
289 1104 531 1160 unumquemque
554 1085 714 1159 detrectas,
739 1085 933 1160 parricidium
955 1086 987 1142 in
1009 1087 1092 1142 utro-

39 1193 137 1248 mque
160 1175 315 1233 consumis.
361 1173 487 1231 duorum
510 1174 629 1232 vilitate
651 1174 695 1248 fit,
717 1176 752 1232 ut
775 1193 809 1233 ex
832 1174 974 1233 fratribus
997 1175 1093 1248 possit

79 1263 223 1321 alteruter
246 1262 347 1321 occidi.
389 1281 550 1338 nunquam,
573 1263 695 1337 iudices,
717 1281 764 1321 res
787 1265 851 1321 tam
872 1262 1023 1322 horribilis
1046 1265 1092 1320 in-

79 1351 200 1410 auditae
227 1352 358 1411 feritatis
386 1352 516 1411 admissa
543 1355 596 1411 est.
640 1351 737 1410 filium
764 1355 851 1427 pater
876 1354 999 1427 propter
1024 1371 1092 1410 eum

79 1441 188 1499 occidit
211 1459 299 1514 quem
322 1431 413 1499 etiam
435 1442 534 1516 ipsum
557 1442 676 1517 poterat
696 1441 835 1499 occidere.
872 1442 1024 1514 transfert,
1047 1443 1091 1498 iu-

79 1529 166 1603 dices,
188 1548 256 1588 reus
278 1531 311 1588 in
333 1530 482 1588 medicum
504 1530 657 1589 electionis
680 1529 833 1588 invidiam.
877 1523 960 1603 ‘ille’,
983 1531 1092 1604 iuquit,

38 1639 64 1680 15
81 1613 276 1693 ‘aestimavit
303 1619 355 1677 ille
378 1615 530 1677 decrevit?
578 1637 647 1697 ergo
674 1619 866 1677 manifestum
890 1621 935 1677 est
957 1637 1016 1676 non
1038 1637 1092 1692 pa-

78 1727 142 1766 rem
164 1708 255 1766 fuisse
277 1708 459 1785 languorem.
498 1727 532 1766 ex
551 1708 665 1767 duobus
684 1710 782 1785 aegris
804 1709 873 1782 plus
895 1707 1001 1766 habuit
1019 1709 1110 1782 spei„

78 1798 201 1871 propter
219 1815 307 1871 quem
326 1797 428 1856 debuit
447 1798 523 1856 alter
541 1798 643 1856 occidi.
680 1797 782 1856 recede
801 1797 961 1873 paulisper,
984 1797 1093 1854 mulier

79 1885 192 1959 infelix,
217 1884 273 1943 filii
295 1887 342 1943 tui
364 1887 448 1946 nobis
471 1886 625 1946 referenda
649 1889 763 1945 curatio
787 1889 840 1946 est.
885 1886 986 1945 felices
1010 1887 1092 1962 aegri

80 1976 132 2049 qui
163 1975 305 2052 languore
337 1977 518 2051 moriuntur,
556 1977 608 2051 qui
644 1995 796 2052 supremos
829 1975 978 2034 anhelitus
1013 1977 1092 2033 inter

38 2084 65 2124 ro
80 2082 200 2123 suorum
225 2065 393 2139 amplexus,
420 2066 499 2122 inter
526 2084 646 2124 suorum
674 2065 815 2140 adloquia
841 2066 1012 2139 posuerunt.
1058 2066 1093 2122 ut

80 2154 144 2210 erat
166 2155 282 2212 iuvenis
304 2155 402 2227 primo
424 2155 490 2229 ipso
514 2156 744 2229 comparationis
770 2156 898 2227 incerto,
925 2172 994 2212 mox
1018 2154 1092 2212 elec·

78 2243 160 2300 tione
193 2243 354 2316 cruciatus,
387 2242 493 2302 abacta
521 2245 566 2302 est
593 2263 611 2301 a
638 2245 770 2318 perituro
797 2245 895 2318 prima
925 2246 1029 2317 mater,
1062 2244 1092 2300 et

78 2330 166 2389 modo
190 2330 292 2389 sedula
314 2333 481 2390 ministeria
506 2351 659 2391 servorum
680 2333 800 2406 repente
827 2334 945 2390 mutata
968 2333 1091 2390 suntin

78 2421 182 2479 mortis
211 2419 316 2478 officia.
363 2421 560 2479 detrahuntur
585 2420 781 2480 trement-ibus
805 2422 973 2479 velamenta
1000 2440 1091 2478 mem-

37 2509 153 2584 nebris,
181 2511 224 2582 et,
251 2512 286 2567 ut
313 2512 498 2588 grassaturas
525 2528 631 2569 manus
657 2513 756 2569 totum
778 2528 885 2585 corpus
911 2509 1091 2582 admitteret,

150 2720 164 2766 1
184 2713 284 2768 fuisse:
303 2714 416 2782 fui1153
436 2730 496 2769 esse
513 2724 535 2766 V
616 2733 690 2770 cum:
709 2733 760 2770 om.
775 2724 813 2781 133
833 2715 858 2767 si
877 2723 909 2766 M
992 2729 1090 2767 conva-

77 2785 133 2838 luit
151 2798 182 2854 o3
208 2786 253 2839 vel
277 2803 340 2839 cum
362 2786 452 2839 valuit
474 2787 503 2840 ct
521 2788 589 2840 tuuc
611 2804 667 2840 non
689 2787 834 2855 praecedit
857 2786 882 2839 si
899 2802 974 2853 sacer.
989 2807 1020 2836 m

79 2863 95 2910 2
120 2857 232 2925 putavit
255 2866 315 2910 ΒΜ
338 2855 391 2926 (vel
414 2858 509 2926 potuit
534 2874 610 2926 capr.
631 2859 672 2926 m)
766 2856 879 2911 facilius
906 2873 1021 2925 aegrum
1044 2857 1091 2910 sed

78 2934 181 2997 accep.
201 2938 222 2980 V
290 2934 393 2981 41111111
411 2939 440 2982 Ρ
503 2928 657 2998 tiucipire
677 2939 714 2996 1³;
733 2929 851 2998 incipite
869 2938 902 2994 ⁸3
921 2927 1039 2996 incipiet
1058 2945 1091 2982 ex

78 2999 215 3067 inciperet
229 3009 261 3052 11
312 3005 328 3052 6
347 2998 526 3068 impatientia
541 3011 568 3053 s:
589 3007 603 3054 e
617 3001 758 3068 patientia
774 3023 796 3052 ω
842 3015 910 3068 qua:
930 3000 997 3068 quia
1013 3008 1039 3051 B

78 3070 148 3122 vixit
169 3079 253 3135 vulso
314 3075 403 3138 'lquo
423 3081 489 3136 Meu
541 3072 683 3125 detinetur
701 3089 751 3126 om.
770 3081 792 3123 V
844 3071 892 3142 di}
914 3080 935 3122 v
994 3076 1091 3123 acru-

79 3175 163 3231 delis:
183 3195 212 3230 cr
230 3179 262 3231 ia
279 3187 376 3263 casp
447 3183 462 3230 9
483 3147 608 3232 deiectas
626 3187 664 3244 113
690 3179 830 3232 detractas
849 3187 893 3242 a!⁴
951 3183 984 3230 11
1007 3177 1091 3230 alter-

77 3267 172 3319 utrum
193 3275 248 3333 Be,
272 3266 346 3320 altut
367 3277 397 3333 νς
421 3267 493 3321 alter
511 3280 564 3350 c·
605 3267 807 3335 inauditaeque
826 3276 871 3331 Me
958 3272 990 3319 13
1010 3267 1038 3319 et
1057 3276 1090 3335 Ρ,

77 3390 146 3428 corr.
159 3394 181 3433 n
233 3374 355 3427 aansfer
372 3383 394 3425 u
462 3380 495 3428 18
514 3357 566 3427 fili¹
584 3383 612 3427 n
684 3380 716 3427 19
734 3374 911 3438 hanelituse
978 3377 1013 3425 no
1032 3389 1089 3425 am-

76 3443 189 3514 plexus:
209 3463 272 3497 -xu-
290 3448 321 3500 ia
338 3463 393 3500 ros.
408 3455 436 3499 Β
506 3451 539 3498 21
565 3445 720 3516 electione}
738 3448 766 3516 (4
784 3448 824 3500 ecl
843 3450 860 3501 5
880 3446 930 3499 litt.
946 3446 992 3508 er.)
1008 3453 1040 3496 Μ

77 3522 111 3569 22
130 3516 267 3584 peritum:
283 3517 408 3586 aperitur
421 3520 454 3571 ut
467 3526 519 3570 BV
569 3523 603 3570 13
622 3518 794 3572 servulorum
808 3528 840 3571 M
892 3522 925 3570 14
943 3515 1055 3586 {officia
1068 3523 1094 3566 v

77 3592 112 3642 25
130 3589 222 3641 totum
241 3604 274 3643 ec
291 3589 384 3642 tutum
402 3597 430 3641 Β

896 3676 953 3732 m*
