2430 3952
63 162 128 227 200
331 162 546 218 SEPVLORVM
564 163 603 217 IN
606 162 807 218 CANTATVM

129 331 235 406 Itaque
259 331 323 406 das,
346 331 454 389 mulier
475 332 593 407 infelix,
616 350 721 409 graves
744 332 927 407 nimiumque
949 351 1080 408 poenas:

63 421 160 479 effecit
182 439 295 497 magus,
318 441 355 479 ne
372 420 468 478 filium
485 420 610 496 videres,
634 423 664 479 et
681 421 776 480 solum
795 421 876 496 apud
893 423 923 480 te
941 421 1079 497 reliquit,

63 512 98 568 ut
120 509 303 568 meminisses
323 509 402 584 quod
425 509 554 568 videbas
591 511 690 569 totum
712 512 813 568 tamen
835 510 911 568 illud
929 511 1079 570 solacium

63 602 148 657 tuum
170 598 256 672 refer,
279 600 400 672 misera,
423 599 449 657 si
471 601 569 674 potes,
593 601 624 657 et
645 598 775 675 primum
798 598 936 657 confitere
960 600 1079 675 simpli-

63 689 144 761 citer,
173 707 209 744 an
238 689 352 762 soporis
379 687 455 747 illud
481 688 597 763 pondus
626 690 655 745 et
681 689 797 746 nesciae
823 687 932 762 quietis
955 690 1078 748 vanitas
1105 708 1117 750 s

62 777 161 834 fuerit.
207 776 288 850 apud
314 795 360 834 me
389 776 508 850 quidem
535 779 609 835 satis
636 777 755 851 misera,
786 779 858 835 satis
887 794 964 836 eras·
978 780 1079 836 mater

62 865 174 940 infelix,
197 865 315 923 etiamsi
333 865 393 923 tale
412 866 559 924 somnium
577 864 761 941 perdidisses.
798 866 945 940 miserere,
966 868 1079 941 inquit,

62 955 168 1013 melius
184 954 219 1012 de
234 953 388 1012 affectibus
406 953 480 1012 meis
498 955 616 1012 sentias.
648 972 708 1012 non
727 973 780 1031 ego
799 955 929 1030 fatigata
947 955 1079 1031 plancti-

62 1044 117 1102 bus
136 1044 215 1102 sensi
232 1043 347 1101 venisse
365 1045 494 1101 noctem:
512 1042 611 1101 videre
630 1042 727 1101 filium
744 1043 903 1120 pervigiles
921 1045 1078 1104 meruistis

63 1131 154 1206 oculi,
182 1132 234 1190 sed
256 1133 397 1207 primum,
425 1131 495 1189 dum
522 1135 635 1206 metuo,
662 1132 767 1189 umbra
793 1133 938 1207 processit
966 1133 1077 1192 subito.
1093 1153 1118 1194 re

63 1221 105 1278 dii
126 1220 210 1294 boni,
234 1219 313 1295 quod
339 1239 392 1298 ego
416 1220 567 1298 gaudium,
590 1239 680 1296 quam
697 1220 759 1279 vidi
782 1220 968 1279 felicitatem!
1006 1239 1078 1280 con-

63 1308 142 1368 stitit
164 1312 233 1368 ante
256 1329 302 1368 me
325 1309 405 1368 filius
429 1309 569 1368 discussis
591 1309 733 1368 tenebris:
760 1311 804 1368 ita
827 1310 997 1368 dimittatur
1020 1312 1079 1369 eli-

64 1398 189 1474 quando.
235 1399 360 1474 prosilui
382 1399 518 1474 protinus
542 1401 573 1457 et
595 1399 717 1474 accessi,
740 1399 855 1473 vultus,
881 1417 993 1473 comas,
1022 1418 1078 1458 ora

62 1489 211 1563 perspexi.
233 1506 317 1546 meus
337 1490 410 1546 erat
447 1507 536 1563 quam
558 1489 671 1546 laetum
689 1505 729 1560 se,
753 1506 843 1563 quam
860 1488 986 1546 hilarem
1005 1488 1079 1548 offe·

60 1576 160 1652 rebat,
193 1577 340 1676 quomodo
372 1577 569 1652 persuadebat
599 1576 685 1651 mihi,
717 1595 753 1634 ne
786 1576 933 1635 crederem
964 1578 1119 1641 montilio

10 1663 48 1720 14
63 1666 213 1740 scelerate,
227 1666 330 1740 nescis,
348 1669 442 1741 pater,
461 1684 550 1741 quam
564 1665 690 1724 similem
704 1666 817 1724 viventi
831 1665 926 1723 filium
944 1666 1078 1725 cluseris

64 1755 230 1814 circuibant
252 1756 349 1812 totum
373 1772 479 1829 corpus
503 1754 589 1827 oculi,
612 1773 671 1813 non
694 1753 881 1813 inveniebam
900 1754 1078 1832 quid1gnis

63 1843 180 1920 egisset.
226 1843 350 1902 subinde
378 1843 523 1901 dicebam:
554 1843 632 1903 hunc
660 1861 714 1920 ego
747 1841 860 1902 extuli?
890 1843 969 1901 hunc
1001 1863 1078 1922 rogo

62 1931 212 2008 imposui?
235 1951 270 1990 ex
292 1932 347 1992 hoc
370 1951 423 2008 ego
448 1931 558 1990 cineres
582 1934 613 1991 et
635 1949 701 1991 ossa
724 1931 851 2011 collegi?
887 1932 912 1991 si
931 1934 1001 1992 talis
1020 1939 1078 2009 est,

63 2021 135 2097 quid
161 2020 255 2078 habeo
280 2020 359 2095 quod
385 2017 524 2097 lugeam?
564 2021 674 2095 perisse
697 2020 792 2079 filium
814 2041 912 2079 meum
934 2022 990 2081 hoc
1012 2043 1077 2082 uno
1092 2045 1120 2085 so

63 2109 272 2185 intellegebam
295 2108 374 2183 quod
401 2110 487 2166 illum
509 2127 568 2167 non
596 2111 731 2185 poteram
755 2112 785 2167 et
807 2112 888 2184 patri
911 2110 1077 2169 ostendere.

63 2196 235 2270 confitebor,
262 2196 376 2272 primae
402 2199 503 2255 tamen
531 2215 584 2255 nec
612 2216 666 2274 ego
695 2198 805 2256 credidi
832 2200 913 2258 nocti
941 2203 970 2257 et
998 2202 1078 2257 tam-

63 2305 152 2362 quam
180 2284 266 2344 victis
294 2286 442 2345 irascebar
474 2287 566 2345 oculis
594 2289 625 2345 et
656 2287 862 2345 erubescebam
893 2289 1015 2362 misera,
1050 2292 1079 2348 si

63 2376 145 2450 quies
167 2374 280 2433 fuisset.
317 2393 382 2433 ecce
404 2376 512 2434 iterum
534 2376 659 2449 invenie,
683 2394 748 2434 ecce
770 2376 831 2434 iam
854 2376 961 2434 cotidie
982 2379 1076 2437 venit.

63 2464 135 2541 quid
165 2463 259 2522 habeo
293 2463 371 2538 quod
403 2462 601 2539 interpreter?
645 2484 749 2524 verum
780 2468 825 2524 est
857 2467 961 2540 utique
994 2468 1077 2540 quod
1092 2488 1118 2529 ae

63 2572 178 2629 semper
202 2557 254 2612 est.
291 2553 448 2612 novissime
472 2572 531 2611 non
553 2556 707 2629 tamquam
727 2554 833 2611 umbra
857 2555 996 2613 veniebat
1023 2557 1078 2614 sed

63 2642 217 2701 adsidebat
240 2642 291 2700 sed
319 2643 470 2716 amplexus
495 2642 592 2701 dabat.
632 2662 686 2719 ego
715 2643 877 2701 sentiebam
901 2646 930 2702 et
952 2644 1077 2719 recipie·

62 2732 138 2790 bam.
172 2733 434 2807 quotienscumque
448 2731 551 2789 domus
569 2731 668 2790 fuerat
686 2735 772 2808 grato
791 2751 895 2808 sopore
914 2735 1077 2810 prostrata,

136 2890 149 2937 1
173 2882 272 2936 infelix
295 2899 345 2936 om.
361 2891 402 2949 Β,
426 2900 500 2952 supr.
519 2904 551 2935 m
640 2883 813 2950 nimiumque
836 2900 944 2937 severas
967 2900 1077 2952 poenas

63 2954 147 3008 Klots
227 2953 349 3007 aefficit
367 2962 426 3006 ΒΒ
501 2953 679 3018 3viderase
749 2956 840 3007 totum
859 2955 890 3007 ia
907 2973 961 3009 ras.
976 2965 1004 3008 Β

62 3024 184 3078 lrefers
202 3034 260 3078 ΒΜ
318 3026 569 3095 potes{(ter.)11
634 3025 778 3094 spondas
796 3025 918 3090 illudve
977 3027 1077 3095 6qui-

48 3096 127 3149 dem
145 3105 248 3162 01111,
267 3113 388 3165 summ
454 3097 545 3149 mater
562 3113 623 3149 eras
638 3105 671 3149 l!
741 3097 874 3150 lmisere
887 3108 912 3151 J
981 3102 1075 3152 tme-

62 3166 157 3219 tuistis
176 3168 231 3220 Ba.
306 3172 338 3221 10
357 3167 449 3221 subito
469 3169 512 3220 est
528 3177 555 3221 Ρ
626 3172 657 3220 12
678 3168 810 3221 discussis
828 3168 951 3223 tenebris
970 3186 1020 3223 one.
1036 3179 1076 3236 M,

62 3254 136 3307 serpe.
148 3259 179 3289 m
203 3237 334 3292 discussit
351 3239 481 3292 tenebras
554 3243 587 3292 13
607 3238 692 3319 opbra
710 3248 738 3291 Β
799 3256 848 3293 ora
869 3249 1006 3293 comasr

65 3313 97 3361 14
116 3308 285 3376 hylarem?
364 3315 395 3362 16
416 3325 515 3378 quam:
535 3311 610 3379 quod
629 3323 674 3434 ι’θ
730 3309 862 3364 clauseris
881 3311 1003 3374 filiumc

64 3420 97 3468 19
117 3430 169 3485 ego
188 3431 262 3483 supr
278 3426 305 3468 Ρ
357 3422 389 3469 22
408 3397 552 3504 primdm
571 3388 674 3486 primae
690 3426 721 3469 Β
738 3420 815 3486 (corr.
827 3423 888 3471 oet
900 3419 941 3484 m)
991 3420 1076 3474 nocte

62 3550 101 3608 Β;
120 3487 201 3592 nodite
174 3542 251 3592 tM
268 3542 353 3611 (supr
367 3544 408 3611 m)
481 3547 514 3594 27
534 3541 720 3605 sentiebatis
