2430 3952
118 207 184 272 374
395 205 586 261 EXGERPTA
604 204 848 262 MONAOENSIA.

118 395 194 453 quae
217 375 253 434 de
276 376 463 436 innocentiae
486 376 640 452 punitione
665 372 811 452 provenit.
856 375 1028 436 innocentia
1052 379 1139 438 enim

116 483 190 541 opus
210 467 263 539 est,
286 466 320 523 ut
337 465 479 524 miserum
497 464 589 523 faciat
607 464 700 523 dolor.
746 464 902 540 deceperas
920 484 981 540 me,¹
999 465 1137 542 fortuna,

114 554 285 630 deceperas,
313 553 339 612 si
361 553 435 611 mihi
457 555 522 612 tam
544 553 656 631 grande
678 554 796 614 fecisset
822 554 937 613 facinus
965 555 1054 614 homo
1080 558 1138 631 qui

114 643 224 701 liberos
246 661 306 702 non
323 642 453 701 heberet.
498 661 600 701 rumor
617 642 650 700 in
673 643 795 703 civitate
817 645 899 703 ortus
923 645 968 702 est
990 662 1038 703 mc
1061 664 1137 720 pro,-

115 731 243 790 ditorem
265 750 327 790 esse
356 731 451 790 adhuc
477 730 629 808 incognito
656 733 783 790 rumoris
812 735 940 791 auctore.
986 734 1021 790 tu
1045 752 1136 792 accu·
1165 754 1178 795 s

115 819 189 880 sasti
205 822 345 896 patenter
363 823 393 879 et
416 821 527 879 crimen
545 820 643 879 fecisti
665 820 701 879 de
720 820 830 879 fabula.
876 821 926 880 sed
946 820 1029 897 dicia
1052 826 1138 882 mori

114 909 214 984 debeo,
234 911 305 985 quia
323 910 370 967 lex
390 928 448 984 que
466 911 497 966 te
516 908 661 983 accusavi,
679 909 735 968 hoc
752 910 937 985 proditorem
954 911 1020 985 pati
1037 911 1136 971 iubet.

114 1002 250 1074 poteram
280 998 400 1073 quidem
426 996 557 1056 breviter
585 997 762 1073 respondere
791 999 888 1076 legem
916 1017 992 1074 quae
1018 1000 1136 1060 calum·

114 1088 261 1146 uiatorem
283 1087 363 1145 idem
385 1086 450 1162 pati
471 1086 567 1161 iubet,
590 1087 652 1144 eius
674 1104 802 1162 poenam
824 1089 954 1165 exigere,
985 1088 1066 1163 quod
1091 1089 1136 1149 fe·

115 1177 215 1248 uisset,
244 1194 304 1234 non
332 1175 412 1250 quod
438 1176 534 1234 facere
561 1176 712 1235 voluisset.
762 1175 908 1254 fingamus
938 1179 1041 1236 tumen
1071 1198 1137 1238 non
1151 1199 1176 1240 re

114 1264 171 1324 hoc
193 1283 354 1341 pauperem
384 1266 518 1341 captasse
542 1264 622 1340 quod
651 1265 772 1339 accidit,
801 1266 849 1323 cui
876 1265 963 1324 debet
985 1266 1138 1342 imputari

114 1354 210 1412 exitus
241 1355 292 1429 qui
321 1354 357 1412 de
392 1352 558 1413 calumniae
587 1356 657 1412 tuae
686 1354 773 1412 fluxit
804 1352 923 1413 errore?
974 1357 1138 1429 praeterea

115 1444 260 1501 accusasti
278 1462 325 1501 me
344 1461 378 1501 co
396 1445 529 1518 tempore
549 1461 606 1518 quo
626 1462 685 1500 non
698 1445 835 1519 poteram
848 1442 1007 1502 damnatus
1027 1445 1136 1504 occidi.

114 1534 148 1590 tu
172 1550 241 1609 crgo
265 1531 401 1607 effecisti,
430 1535 466 1591 ut
493 1532 695 1591 occiderentur
720 1530 808 1590 liberi
834 1534 908 1606 mci,
938 1551 1006 1591 cum
1031 1552 1138 1594 coram

113 1621 224 1698 populo
243 1621 450 1696 proclamasti:
468 1620 600 1697 prodidit
618 1637 671 1701 vos
689 1620 852 1697 imperator
872 1624 976 1696 vester,
996 1623 1028 1681 et
1047 1623 1138 1682 addi·
1151 1642 1175 1683 rc

115 1709 198 1768 disti:
228 1729 307 1768 nunc
336 1712 366 1768 et
394 1710 459 1785 ipse
488 1709 596 1769 liberos
624 1708 722 1769 habet.
769 1711 796 1769 si
824 1712 893 1785 post
922 1710 999 1769 hanc
1028 1731 1138 1772 vocem

113 1800 227 1874 templa
240 1794 487 1877 mo<n>strasses‚
499 1799 604 1874 utique
613 1798 753 1858 turbatus
762 1799 891 1876 populus
905 1798 936 1856 id
951 1791 1039 1881 (sicl)
1053 1819 1137 1860 com·

113 1887 262 1948 bussisset.
308 1888 448 1946 murtiae
467 1888 560 1946 offert.
594 1887 755 1962 oiudices‚
778 1891 856 1965 peto,
880 1908 916 1947 ne
940 1889 988 1947 cui
1010 1892 1138 1950 nocenti

113 1995 226 2052 poenae
257 1979 426 2052 praestetur
458 1973 622 2034 arbitrium.
675 1976 824 2036 infinitam
858 1977 937 2036 enim
969 1978 1136 2040 sceleribus

115 2065 238 2139 aperitis
269 2065 436 2138 audaciam,
471 2065 497 2122 si
526 2083 653 2138 poenam
683 2065 754 2125 licet
784 2067 893 2144 eligere
923 2066 1176 2129 condemnatam

113 2153 197 2211 nullu
221 2154 300 2210 enim
322 2172 418 2228 poena
441 2155 486 2211 est
508 2155 567 2211 nisi
588 2153 693 2212 invito.

384 2383 450 2443 XII.
476 2379 854 2464 omnvm1<cv>s1>lsn

180 2509 392 2585 Aryumcetum
414 2529 440 2568 c.
455 2529 487 2584 p.
507 2512 581 2578 217,
603 2512 629 2568 6.

182 2600 272 2658 Dicat
291 2618 360 2678 ergo
378 2619 454 2659 unus
473 2619 488 2658 e
508 2598 621 2657 civibus
641 2600 745 2658 contra
763 2619 831 2658 eum
849 2618 949 2658 coram
967 2599 1137 2662 iudicibus:

183 2687 409 2763 Conquerimur,
439 2708 456 2746 o
487 2688 611 2763 iudices,
642 2688 677 2746 de
706 2688 763 2746 hoc
790 2690 946 2763 scelerato,
977 2691 1050 2763 quia
1078 2711 1137 2752 nos
1151 2711 1175 2752 re

115 2797 215 2838 omnes
239 2779 396 2837 sceleratos
420 2777 524 2850 effecit,
548 2777 619 2835 dum
636 2780 700 2836 tam
722 2778 802 2836 lente
824 2779 856 2836 in
879 2778 1010 2853 patriam
1033 2797 1137 2840 rever-

114 2869 196 2925 titur.
233 2866 361 2925 narrabo
375 2865 440 2939 sibi,
460 2868 604 2940 quianon
618 2867 724 2940 adfuit,
743 2867 858 2925 cladem
871 2869 1013 2926 nostram.
1042 2869 1137 2930 iudex

11 2956 17 3001 ·'
116 2957 195 3014 enim
212 2957 285 3014 hacc
303 2956 395 3015 novit.
433 2955 511 3029 audi,
534 2956 636 3032 igitur,
655 2956 727 3014 audi
749 2956 931 3014 frumentum
949 2955 1032 3014 istud
1052 2960 1138 3033 quod

115 3045 297 3119 lucrifecisti,
321 3046 426 3120 quanti
444 3043 529 3103 nobis
552 3047 675 3104 constet.
716 3048 802 3104 tenta
825 3046 883 3104 fuit
905 3046 1028 3103 interim
1051 3048 1138 3123 apud

115 3151 169 3191 nos
199 3135 341 3193 sterilitas
373 3152 432 3209 qua
465 3135 545 3192 terra
575 3152 636 3192 non
657 3134 725 3210 plus
748 3134 901 3210 produxit,
932 3152 966 3193 ac
996 3137 1024 3193 si
1053 3141 1136 3197 esset
1149 3157 1174 3198 ec

115 3222 219 3280 ferrea.
260 3226 349 3299 prata
378 3216 621 3301 exa[u]ruerunt,
650 3226 804 3299 perienmt
832 3223 964 3296 frondes,
994 3227 1138 3300 germina

115 3329 175 3370 non
199 3313 340 3370 exierunt.
386 3312 466 3371 nuda
488 3314 568 3372 terra
596 3315 626 3370 et
653 3307 799 3391 ur[r]idae
823 3312 926 3389 glebae
950 3314 1043 3370 erant.
1088 3317 1138 3373 in·

116 3400 220 3458 audita
243 3401 307 3459 lues
336 3419 412 3475 quae
441 3402 517 3459 nihil
540 3402 653 3461 homini
679 3402 803 3477 reliquit
829 3404 948 3476 praeter
970 3401 1135 3463 hominem.

116 3490 232 3548 utinam
255 3489 361 3548 saltem
379 3488 464 3549 nobis
482 3490 585 3550 rudem
603 3491 716 3550 victum
735 3491 827 3550 silvae
849 3491 1080 3567 ministrassent,
1105 3496 1138 3552 et

114 3597 236 3655 carpere
256 3579 386 3654 arbusta,
409 3581 562 3638 concutere
582 3597 730 3656 quercum,
753 3580 851 3657 legere
869 3581 970 3658 fragm
987 3579 1135 3642 licuisset
1148 3600 1175 3644 ce
