2430 3952
123 115 167 180 96
455 112 578 168 AEGER
596 111 815 166 RuDuMPTvs

12 309 16 318 ¹
121 283 270 343 adfectum
293 282 389 356 debes,
412 282 458 341 sin
480 281 586 356 minus,
609 280 785 341 necessitate
808 282 991 356 servitutem,
1016 282 1137 358 patien-

120 374 202 431 tiam.
248 390 308 431 non
339 374 495 447 tamquam
525 374 612 446 pater
644 370 736 429 alitur
768 371 820 445 qui
851 372 1005 446 tamquam
1038 372 1136 430 bonus

121 463 246 520 amatur.

85 550 104 605 a
190 548 318 626 Sepone,
346 549 474 623 iuvenis,
503 548 587 607 differ
615 549 762 624 querelas,
790 550 862 606 tuno
886 547 1034 623 irasceris,
1061 551 1137 608 tunc

122 639 230 698 obicies
252 638 335 713 mihi,
358 657 425 697 cum
447 637 704 713 prosperitatium,
728 656 795 696 cum
817 635 1012 695 secundorum
1035 637 1137 697 officia
1163 657 1173 698 s

121 728 287 804 deposcam.
331 746 391 786 non
418 728 489 786 talis
517 726 555 784 ad
582 729 635 784 tua
662 745 760 803 genua
786 726 954 801 provolvor,
982 727 1016 784 ut
1044 728 1137 786 aesti-

120 817 245 875 mandus
269 818 332 876 sim.
378 816 455 874 nulli
477 816 574 874 malus
598 818 643 874 est
664 818 759 891 pater,
787 833 854 874 eum
877 833 939 873 esse
968 815 1067 890 coepit
1091 816 1136 872 in·

120 906 199 966 felix.
246 906 353 981 aspicis
377 905 540 980 collapsum
563 907 593 963 et
616 923 651 962 ex
674 906 754 962 omni
781 903 999 962 calamitatium
1027 922 1135 980 genere

120 997 262 1053 miserum
285 995 323 1068 et,
345 993 426 1051 ultra
450 992 529 1068 quod
553 992 749 1051 accidentium
770 1010 908 1050 mensura
931 1010 990 1050 non
1010 994 1079 1068 exit,
1103 995 1136 1051 in

122 1081 249 1142 orbitate
263 1081 438 1140 mendicum,
476 1081 554 1159 riget
572 1081 703 1157 squalidi
721 1081 828 1157 capitis
844 1083 981 1140 concreta
1000 1083 1134 1156 canities
1150 1102 1174 1142 ro

121 1173 207 1248 vigor
228 1170 349 1247 pristini
371 1171 472 1230 vultus
490 1171 593 1230 vacuis
617 1169 779 1229 luminibus
801 1169 940 1244 intabuit,
964 1172 994 1229 et
1010 1189 1065 1245 per
1083 1171 1136 1228 ob-

122 1260 267 1319 stantium
290 1259 415 1319 crinium
442 1259 586 1318 inluviem
612 1260 710 1319 tenuis
739 1259 884 1319 arentium
912 1260 1009 1317 iactus
1035 1259 1135 1318 oculo-

121 1369 195 1407 rum.
241 1349 344 1408 haeret
371 1350 514 1409 adstricta
542 1349 662 1408 nudatis
690 1348 803 1407 ossibus
831 1347 907 1406 eutis
934 1350 965 1407 et
993 1347 1025 1404 in
1055 1348 1135 1407 fame

122 1456 177 1498 sua
199 1439 317 1497 homine
338 1442 521 1514 consumpte,
543 1439 604 1496 iam
622 1437 754 1496 membra
773 1438 835 1496 sine
854 1455 984 1511 corpore.
1020 1435 1136 1495 Iterum

120 1529 214 1587 bonus
238 1546 311 1586 sum.
348 1527 380 1585 in
402 1528 561 1604 pristinam
583 1526 757 1604 religionem
780 1527 816 1584 de
840 1525 1056 1584 calamitatium
1080 1527 1134 1585 ho·
1150 1545 1172 1585 ιε

121 1635 193 1675 nore
210 1617 372 1676 ·-restitu0r.
418 1617 529 1675 adeone
559 1636 620 1676 non
648 1616 759 1674 habent
787 1615 860 1673 haec
888 1615 955 1690 ipsa
985 1615 1135 1690 supplicia

121 1723 245 1781 poenas,
269 1705 348 1781 quod
370 1724 472 1781 posco,
497 1705 576 1781 quod
597 1723 684 1782 rogo,
708 1703 787 1779 quod
812 1703 964 1762 mendicus
988 1721 1055 1762 sum
1077 1703 1134 1762 filii

121 1792 201 1853 mei?
237 1796 268 1852 et
291 1797 415 1869 quanta,
438 1794 480 1853 dii
503 1794 646 1868 deaeque,
668 1812 727 1852 non
750 1794 876 1869 possunt
893 1812 946 1868 pro
970 1790 1055 1850 nobis
1078 1792 1134 1850 im·

122 1885 238 1959 petrare
270 1880 372 1958 leges?
417 1884 530 1957 quanto
557 1882 646 1958 plura
672 1884 742 1940 sunt
770 1899 847 1957 quae
874 1883 1034 1958 negantur,
1066 1900 1135 1940 eum

121 1973 276 2047 praestant
307 1968 417 2028 inviti?
460 1988 520 2029 non
552 1972 651 2048 exigo,
683 1973 718 2028 ut
744 1971 804 2028 tuis
833 1971 971 2029 manibus
992 1973 1174 2045 porrigerem

123 2060 212 2128 cibor,
234 2063 267 2118 at
289 2059 460 2134 consoleris,
483 2062 518 2118 ut
539 2061 653 2133 foveas:
670 2062 771 2132 proice
794 2059 873 2134 quod
896 2061 1027 2131 rapiam,
1051 2059 1134 2119 abice

123 2148 202 2224 quod
229 2148 375 2224 colligam.
421 2166 514 2224 genus
537 2148 660 2207 ultionis
684 2150 729 2206 est
750 2167 882 2224 pascere,
911 2166 965 2206 nec
991 2148 1134 2207 misereri.

123 2239 149 2297 si
171 2239 286 2311 tamen,
312 2236 439 2312 iudiceS,
467 2237 513 2295 fas
537 2240 582 2296 est
603 2237 767 2314 impietatis
789 2238 877 2296 huius
900 2237 977 2295 ullas
1002 2239 1135 2314 accipere

124 2343 241 2401 causas,
268 2328 299 2384 et
320 2325 416 2383 filium
439 2325 490 2400 qui
513 2345 573 2385 non
596 2327 664 2402 alit,
691 2326 806 2402 putatis
829 2325 950 2384 reddere
978 2343 1064 2400 posse
1087 2346 1133 2384 ra-

122 2417 248 2489 tionem,
275 2413 430 2473 aestimate
453 2433 506 2490 par
532 2414 621 2473 fidem
644 2415 723 2491 quod
746 2415 787 2473 sit
813 2416 928 2473 facinus
951 2413 1026 2472 illud
1050 2416 1134 2474 cuius
1149 2434 1174 2474 ss

14 2518 16 2522 ’
123 2506 268 2563 ultionem
294 2502 400 2562 debeat
428 2504 542 2580 exigere
570 2503 666 2579 aliqui
694 2503 729 2562 de
757 2503 835 2562 fame
861 2504 965 2579 patris.
1012 2506 1135 2580 captum

123 2614 184 2669 me,
206 2594 317 2669 inquit,
340 2611 400 2651 non
422 2591 581 2651 redemisti.
628 2595 693 2668 quis
716 2612 776 2651 non
797 2595 884 2668 putet
907 2593 990 2667 queri
1013 2592 1048 2650 de
1072 2593 1134 2651 filio

123 2680 260 2758 patrem?
305 2699 519 2757 quemquamne
542 2681 690 2740 dicentem
712 2683 818 2740 feram:
845 2676 932 2740 ‘nihil
954 2682 1010 2740 tibi
1033 2680 1134 2757 debes,

196 2823 209 2870 1
229 2816 425 2871 necessitatem
442 2823 485 2881 M,
507 2813 552 2868 vel
570 2815 737 2868 necessitate
754 2832 828 2884 supr.
843 2836 875 2868 m
965 2821 980 2868 2
1000 2814 1083 2869 aliter
1102 2825 1135 2882 Ρ,

123 2904 191 2943 corr.
204 2909 226 2949 p
297 2886 550 2957 bprospcritatum
571 2895 611 2937 vo
678 2903 754 2940 cum:
775 2895 790 2940 c
808 2896 835 2938 Ρ
900 2886 1083 2940 secundorum
1102 2904 1136 2941 ex

124 2958 280 3013 seculorum
296 2968 336 3026 Β;
355 2957 545 3022 seculorums
599 2956 828 3012 8calamitatum
845 2967 914 3011 vulo
965 2958 1135 3012 tacceden-

123 3030 196 3084 tium
217 3039 239 3082 V
308 3036 339 3083 11
364 3029 537 3083 obstantiam
554 3037 581 3080 Β
654 3034 685 3083 12
710 3028 840 3082 crinium:
865 3030 1009 3084 ialtcram
1029 3031 1061 3083 io
1079 3047 1134 3084 ros.

123 3104 206 3156 alsa.
222 3110 260 3168 Β;
280 3105 427 3167 criminum
446 3099 564 3154 crinium
586 3108 608 3151 V
672 3106 704 3153 14
724 3102 889 3168 consumpta
907 3110 935 3153 Β
1007 3100 1135 3155 150212-

123 3172 255 3226 mitatum
276 3181 316 3224 Vn
370 3172 483 3226 horrore
501 3183 539 3235 ro
591 3175 624 3224 18
644 3173 750 3240 quanta
768 3180 853 3234 BMy:
873 3188 958 3240 quam
975 3172 1065 3226 multa
1084 3181 1138 3236 Vsu

313 3240 326 3277 s
541 3244 557 3274 a

125 3285 159 3334 20
182 3280 328 3349 praestant
345 3288 383 3346 Β;
409 3280 556 3348 praestant
577 3287 599 3330 V
671 3282 704 3330 20
715 3294 754 3346 sq.
774 3278 855 3332 cerba
874 3279 971 3333 libais
992 3280 1136 3334 inclinatis

124 3353 403 3406 eucratadarum
477 3350 607 3404 manibus
625 3349 721 3418 exigas
740 3348 868 3419 porrigas
886 3359 911 3402 J
987 3355 1021 3403 23
1040 3353 1135 3404 tamen

125 3438 175 3476 orn.
190 3431 222 3488 Β,
241 3438 316 3490 supr.
329 3443 350 3483 p
423 3426 456 3475 26
476 3421 524 3476 sit:
544 3420 568 3474 si
586 3434 607 3474 r
676 3426 709 3474 26
728 3419 835 3474 ultione
854 3432 874 3472 o
935 3420 1023 3488 aliqui
1042 3423 1138 3476 Dess.:.

126 3492 235 3561 aliquid
253 3502 346 3560 Bvso3
369 3492 472 3561 aliquis
491 3501 537 3556 My
608 3496 642 3545 28
661 3491 750 3546 feram
768 3509 801 3546 ese
818 3490 877 3544 fero
896 3497 929 3546 ut
945 3492 1053 3546 viderer
1071 3502 1103 3545 M
