2430 3952
400 201 634 257 DEGLAMATIO
653 202 762 256 Π14-2
1043 203 1089 266 21

143 369 255 444 Sentio,
277 371 399 444 iudices,
422 370 530 445 pudori
551 372 682 446 iuvenis,
704 390 758 446 pro
782 389 840 446 quo
863 370 1019 429 minimum
1042 373 1087 430 est
1105 372 1122 428 1

78 459 155 534 quod
183 458 333 536 parricida
360 479 419 518 non
447 463 504 535 est,
532 462 742 537 gravissimum
766 460 862 518 videri
877 461 965 536 ‘quod
993 460 1088 519 absol

76 547 190 608 vendus
214 551 258 607 est
281 551 384 607 contra
406 568 577 623 novercam,
603 551 633 607 et
655 549 815 624 plurimum
838 568 923 608 caeco
947 550 983 607 de
1005 568 1088 608 reve-

76 638 174 695 rentia
197 637 329 714 deperire
352 637 508 712 virtutum,
532 655 599 696 cum
622 639 788 713 patrocinio
812 657 943 697 summae
965 638 1088 714 pietatis

47 748 62 787 s
78 727 222 800 aufertur,
245 725 387 801 quicquid
409 726 580 785 defenderet
605 727 697 785 alium
719 729 913 786 innocentem.
950 728 1005 786 hoc
1028 729 1087 802 pri-

77 836 159 873 mum
177 817 281 890 itaque
299 815 425 892 publicis
445 817 609 893 allegamus
627 816 783 874 affectibus
803 816 883 890 quod
900 835 954 892 pro
974 835 1005 875 se
1021 835 1089 874 reus

77 904 252 981 indignatur
282 907 329 962 uti
361 904 491 980 corporis
523 905 706 980 probatione.
753 905 833 964 solus
866 907 998 963 omnium
1029 915 1090 963 non

76 993 206 1052 remittit
224 993 290 1067 sibi,
312 995 349 1051 ut
366 994 569 1053 incredibilior
587 994 627 1053 sit
643 996 677 1052 in
698 993 858 1070 parricidio
878 1012 979 1053 caecus
1000 1012 1090 1068 quam

77 1082 138 1141 fuit
165 1101 232 1142 oum
258 1083 381 1142 videret.
425 1083 514 1142 homo
542 1084 675 1142 omnium
703 1101 776 1158 quos
803 1103 935 1158 unquam
965 1083 1089 1142 miseros

37 1194 64 1234 ιο
77 1173 173 1230 111111
195 1171 334 1245 virtutes,
362 1172 622 1247 innocentissmus,
645 1172 838 1248 parricidium
860 1174 994 1249 negavit,
1021 1174 1089 1230 ante

78 1280 169 1337 quam
187 1263 272 1336 pater
292 1260 486 1334 occideretur3
510 1263 548 1335 et,
567 1281 608 1319 ne
627 1261 698 1336 quid
716 1261 876 1320 hodiernae
895 1260 1090 1320 sollicitudini

77 1351 226 1427 praestari
252 1349 377 1425 putetis,
404 1349 487 1424 fecit,
516 1350 595 1424 quod
623 1352 667 1408 est
694 1369 842 1408 summum
870 1351 911 1407 in-
925 1349 1012 1408 rebus
1035 1350 1090 1423 hu*¹

79 1440 175 1498 manis
189 1439 282 1514 nefas,
300 1457 337 1496 ne
356 1439 404 1497 111
422 1439 454 1496 in
473 1439 533 1497 alio
552 1439 727 1498 crederetur.
759 1438 903 1516 ignoscite
921 1458 974 1513 per
992 1439 1090 1512 fidem,

81 1527 160 1603 quod
182 1527 356 1605 indignatur
374 1546 404 1586 se
422 1526 538 1586 iuvenis
556 1528 587 1585 in
610 1528 751 1587 honorem
769 1530 888 1586 tantum
908 1528 1091 1586 calamitatis

38 1638 64 1678 15
81 1617 202 1676 absolvi.
238 1615 336 1674 filium
359 1619 411 1692 qui
433 1619 549 1693 patrem
571 1635 606 1674 ex
627 1616 763 1675 incendio
787 1635 840 1675 sua
864 1616 1006 1674 caecitate
1030 1635 1089 1674 ser

80 1706 177 1780 ravit,
208 1706 323 1765 facinus
357 1709 402 1765 est
432 1706 488 1765 hoc
519 1708 638 1765 tantum
669 1707 856 1764 innocentem
888 1705 984 1763 videri
1011 1704 1092 1779 quod

79 1795 165 1855 illum
187 1813 247 1853 non
269 1797 401 1871 potuerit
388 1794 562 1853 toccidere.
629 1819 630 1823 ¹

145 1885 225 1942 Nam
244 1883 323 1958 quod
343 1884 381 1941 ad
398 1885 562 1959 mulierem,
583 1883 705 1959 iudices⁷
728 1885 858 1959 pertinet
877 1903 953 1958 quac
972 1881 1091 1940 defendi

79 1992 139 2032 non
167 1976 279 2049 potest,
308 1967 408 2051 <ni>si
435 1976 552 2048 patrem
580 1991 681 2035 caecus
709 1972 830 2047 occidit,
857 1975 917 2031 tam
947 1972 1091 2047 inpuden-

39 2084 66 2123 ro
80 2065 141 2121 tem
164 2062 323 2120 delationis
344 2063 551 2121 necessitatem
572 2063 651 2121 malo
671 2081 761 2137 quam
779 2062 805 2120 si
823 2063 942 2120 tantum
959 2063 1090 2138 negaret.
1123 2066 1126 2104 ;

80 2152 189 2211 viderit
216 2151 269 2227 qui
298 2150 437 2210 fiduciam
464 2153 599 2210 veritatis
631 2153 720 2227 putat
748 2151 827 2226 quod
858 2169 945 2209 caeco
975 2150 1091 2208 facinus

81 2241 228 2300 obiectum
252 2241 304 2298 est.
351 2239 532 2315 deprehensa
554 2239 688 2299 mulieris
712 2239 838 2298 audacia
862 2242 906 2298 est
929 2239 1009 2315 quod
1032 2258 1091 2296 non

80 2332 180 2405 potest
203 2324 263 2388 nisi
282 2329 501 2391 incredibilium
519 2328 740 2404 comparatione
760 2329 886 2404 defendi,
910 2331 939 2386 et
957 2329 1091 2402 quisquis

82 2436 202 2476 caecum
220 2419 348 2477 invicem
367 2421 494 2493 accusat,
513 2419 593 2476 solus
612 2420 658 2476 est
674 2436 750 2477 reus.
784 2417 868 2492 aliae,
887 2417 1006 2491 iudices
1030 2434 1092 2474 esse

41 2526 67 2566 25
83 2492 247 2565 debuerunt
234 2507 411 2566 tadversus
433 2509 510 2565 hanc
533 2506 671 2566 debilitat
658 2509 717 2565 tem
743 2507 941 2583 probationes.
986 2522 1091 2565 caecus

82 2598 113 2653 in
136 2596 296 2671 parricidio
319 2616 379 2655 non
402 2596 489 2654 debet
512 2599 666 2671 suspectus
688 2595 760 2669 11111,
783 2595 834 2654 sed
857 2593 1042 2670 deprehendi.

146 2683 263 2760 *Quaeso
286 2684 397 2760 itaque,
419 2685 541 2760 iudices,
564 2687 598 2743 ut
619 2685 692 2742 haec
712 2685 809 2759 prima
831 2680 1128 2759 ρ1ορ111111111112

81 2775 197 2832 iuvenis
220 2774 332 2848 putetis
356 2793 431 2849 quae
451 2776 554 2833 contra
572 2774 659 2832 illum
676 2774 770 2831 nimia
789 2775 867 2831 sunt.
903 2772 979 2830 nihil
996 2773 1092 2848 magis

82 2862 169 2921 debet
197 2881 258 2921 esse
282 2880 335 2937 pro
364 2882 450 2922 caeco
474 2882 564 2938 quam
588 2862 667 2938 quod
694 2861 833 2920 adversus
855 2863 948 2919 illum
972 2862 1093 2918 fuerunt

40 2972 67 3011 eo
81 2953 177 3009 multa
200 2951 345 3028 fingenda.
392 2955 423 3010 et
446 2954 563 3010 constat
586 2951 621 3009 de
643 2951 766 3027 pietate,
790 2950 825 3009 de
848 2952 987 3010 innocent
974 2952 1018 3008 tia
1040 2951 1093 3006 ho·

156 3091 169 3136 1
193 3084 313 3138 iudices:
337 3085 422 3139 iudex
441 3094 481 3152 Β
504 3087 536 3139 ia
554 3101 640 3156 marp.
659 3101 727 3139 1111
746 3105 778 3136 m
850 3084 1059 3153 tparicidaB

82 3147 258 3225 tdeperire:
274 3157 381 3223 operire
394 3159 454 3226 Β(1
468 3128 559 3211 delict
573 3155 679 3224 dcapr.
689 3157 728 3224 ὸς)
742 3156 833 3223 perire
849 3164 905 3209 MP
947 3155 1093 3207 virtutium

82 3236 109 3279 P
188 3227 218 3279 in
240 3228 398 3295 patrocinio
422 3250 445 3280 ω
463 3234 558 3296 praete
546 3236 620 3281 ch
704 3231 719 3278 ὅ
744 3226 881 3280 aufertur:
906 3225 1093 3290 afforttur103

83 3297 218 3351 auffertur
236 3308 274 3365 M,
293 3298 338 3352 vel
358 3298 399 3352 af
416 3314 492 3366 supr.
507 3321 538 3351 m
611 3303 643 3351 11
664 3297 854 3351 sollicitudine
873 3308 900 3351 P
966 3304 998 3351 12
1017 3296 1094 3365 piari

84 3377 125 3435 Μ,
143 3370 175 3423 ia
193 3386 278 3440 marp.
299 3367 344 3423 v'el
361 3372 505 3438 praestare
523 3391 555 3422 m
626 3369 744 3438 putetis:
768 3372 850 3437 putes
870 3378 902 3421 M
971 3369 1097 3438 13111111

82 3455 118 3492 ne
137 3447 161 3493 ct
178 3440 223 3494 vel
240 3458 316 3508 capr.
333 3441 439 3510 putetis
458 3463 489 3493 m
574 3441 703 3494 credetur
719 3448 748 3492 Β
828 3447 861 3494 14
885 3447 973 3494 tectas
991 3441 1097 3508 tatcpcr

83 3511 183 3566 codicis
201 3520 221 3564 s
239 3513 339 3581 incipit
402 3518 434 3566 15
454 3528 488 3565 ex
506 3512 635 3566 incendio
654 3513 765 3580 patrem
784 3521 811 3564 P
877 3517 909 3564 18
929 3510 1051 3563 iudicem
1069 3518 1100 3561 P

85 3587 118 3634 19
137 3582 193 3635 nisi
212 3595 241 3636 s:
261 3584 285 3636 si
303 3606 326 3636 ω
398 3583 581 3652 inpudetnem
599 3592 627 3636 Β
698 3588 731 3634 23
751 3585 790 3636 et:
810 3583 888 3651 quod
907 3592 931 3634 P
