2430 3952
155 217 197 282 98
486 216 609 271 Anaua
626 207 846 270 REDEMPTVS

155 388 272 445 luxuria
298 386 548 463 prodigarumque
570 387 772 461 voluptatium
799 384 1020 444 continuatione
1048 386 1169 446 venisti.

155 476 317 535 exhausisti
340 494 427 534 senex
445 492 547 533 census
568 478 600 534 in
622 476 720 551 pretia
737 469 945 533 meretricum'
982 486 1170 550 quamquam

155 568 185 624 et
207 565 276 623 huic
293 564 413 623 iubetur
435 565 605 624 necessitati
627 566 723 640 pietas
742 567 842 622 vestra
865 582 1042 638 succurrere,
1066 568 1098 623 et
1121 565 1169 623 let

156 673 232 730 quae
254 656 386 729 inopem,
410 672 486 729 quae
509 656 627 728 patrem
649 653 801 712 nominare
825 654 964 712 contenta
986 655 1045 728 est,
1070 653 1169 713 filium

154 762 215 802 non
235 745 352 802 remisit
374 743 412 801 ad
435 760 547 801 causas.
595 741 668 816 qnid
690 760 760 800 vero
783 741 810 800 si
831 742 864 799 in
887 741 1107 816 educationem,
1134 743 1168 800 in
1194 763 1204 803 s

46 898 48 902 ,
155 833 313 904 discursus
335 832 367 889 in
388 832 486 907 pretia
508 832 652 890 vacuatus
675 829 763 889 sum?
800 830 915 889 excedit
937 850 1053 889 omnem
1075 832 1168 889 scele-

154 941 221 980 rum
244 921 495 996 comparationem
517 922 634 996 patrem
651 920 819 978 mendicum
841 921 938 979 facere
960 937 1014 977 nec
1036 936 1167 995 pascere.

222 1010 375 1085 Temptat,
402 1008 526 1083 iudiceS,
548 1008 618 1084 hoc,
642 1009 720 1084 qnod
743 1027 803 1066 non
826 1011 871 1067 est
892 1008 1076 1084 redemptus,
1103 1023 1166 1067 am-

154 1098 249 1174 pliare
269 1098 329 1156 0110
346 1095 461 1157 10110010
482 1098 603 1156 invidia.
642 1091 797 1172 ‘fratrem',
814 1097 924 1173 inquit,
942 1092 1027 1155 ‘mini
1045 1101 1167 1173 praetu-

155 1182 238 1245 listi.'
284 1187 432 1245 fateamur
460 1188 612 1263 paulisper
641 1189 697 1246 hoo
727 1187 850 1262 crimen,
883 1205 1077 1264 agnoscamus
1109 1187 1204 1257 hoc1o

154 1276 246 1335 nefas
291 1275 546 1351 impudentissime
574 1276 690 1352 generis
716 1277 852 1351 humani,
879 1278 914 1334 tu
936 1295 996 1334 non
1019 1276 1109 1352 feres,
1131 1280 1167 1336 ut

155 1366 248 1424 stater
269 1368 339 1424 tuus
361 1365 409 1424 vel
431 1367 527 1443 magis
551 1362 687 1424 ametur?
727 1365 809 1424 vides
833 1365 920 1439 enim,
942 1365 1097 1440 praelatus
1121 1369 1167 1424 est

154 1456 212 1514 tibi
237 1456 336 1514 nescio
367 1455 434 1530 quis
463 1456 609 1514 adfectus}
636 1454 790 1530 possident
813 1455 946 1513 caritatis
969 1457 1039 1512 tuae
1066 1453 1167 1512 locum

153 1545 281 1622 pignora
310 1545 346 1602 de
378 1543 541 1603 minoribus
572 1547 690 1621 sumpta
718 1543 894 1602 nominibus.
944 1542 1030 1601 illum
1059 1562 1166 1618 nempe

155 1635 237 1693 cuius
257 1652 350 1709 aeque
373 1633 494 1708 spiritus
519 1633 553 1692 de
572 1632 732 1692 visceribus
755 1632 801 1690 his
824 1630 963 1690 trahebat
983 1633 1089 1706 crtum,
1115 1633 1166 1708 qui
1180 1650 1203 1693 n

153 1726 270 1798 patrem
297 1723 345 1780 vel
373 1722 452 1781 solus
480 1723 624 1797 impleret.
669 1723 813 1797 pessimus
842 1724 887 1779 est
913 1721 1086 1779 mortalium
1114 1721 1167 1797 qui

154 1815 248 1870 amari
271 1812 395 1869 fratrem
412 1829 498 1869 suum
517 1812 579 1869 sine
603 1812 649 1870 sui
667 1813 791 1869 caritate
814 1812 909 1886 putat.
949 1812 984 1868 tu
1007 1810 1166 1885 custodies,

153 1904 254 1958 utrum
276 1901 461 1974 frequentius
485 1900 607 1974 osculer,
634 1902 735 1957 utrum
762 1899 908 1976 stringam
930 1901 1027 1975 magis
1056 1900 1166 1958 artiore

154 1986 321 2064 conplexu?
365 2006 424 2046 non
448 1992 493 2048 est
514 1989 570 2046 hoc
593 1988 795 2063 impatientia,
816 2007 870 2046 nec
894 1989 972 2046 circa
994 1989 1090 2062 patris
1115 1989 1166 2047 ad·

153 2077 248 2135 fectus
276 2094 360 2135 sacra
387 2076 424 2135 de
452 2077 574 2153 pietatis
606 2079 793 2135 contentione
824 2077 898 2135 rixa.
945 2096 1012 2135 eum
1042 2078 1165 2136 tantum
1179 2097 1203 2138 00

153 2167 277 2224 fratrem
298 2166 385 2240 putes
409 2167 502 2225 amari
524 2167 620 2244 magis
643 2185 733 2241 quem
756 2185 815 2225 non
839 2164 939 2225 ames?
975 2167 1097 2241 falleris,
1121 2168 1166 2225 iu-

153 2256 250 2328 veniS,
278 2254 423 2331 longeque
450 2257 480 2314 te
508 2256 545 2314 ab
573 2256 727 2314 intellectu
753 2273 853 2313 rerum
880 2257 1004 2314 naturae
1033 2259 1167 2331 seposuit

153 2363 247 2420 prava
278 2344 432 2419 persuasio
464 2344 516 2420 qui
552 2347 641 2419 putas
674 2363 709 2402 ex
740 2346 872 2419 paternis
905 2344 1070 2402 adfectibus
1102 2345 1166 2404 filio

101 2434 139 2488 12
153 2434 249 2510 perire
268 2432 410 2509 quicquid
432 2434 464 2490 in
483 2434 576 2492 altero
597 2434 633 2492 de
651 2434 825 2493 necessitate
843 2433 1068 2509 praeponderat.
1109 2452 1167 2510 par

154 2527 200 2582 est
221 2525 253 2580 in
272 2540 372 2581 omnes
395 2520 504 2581 liberos
523 2522 682 2598 eademqne
705 2525 810 2597 pietas,
833 2523 883 2580 sed
902 2522 993 2580 habet
1011 2524 1043 2580 in
1063 2523 1165 2598 aliquo
1180 2538 1205 2583 as

153 2612 327 2688 plerumque
349 2612 485 2688 proprias
507 2611 710 2688 indulgentiae
733 2621 846 2686 000000,
869 2614 899 2670 00
922 2612 1005 2670 salva
1028 2613 1165 2672 caritatis

155 2702 336 2777 aequalitate
360 2703 404 2760 000
428 2700 577 2776 quiddam,
599 2719 653 2776 per
672 2700 752 2776 quod
774 2701 866 2759 tacito
889 2701 997 2758 mentis
1019 2701 1166 2760 instinctu

155 2789 286 2866 singulos
316 2809 416 2849 rursus
446 2793 600 2866 tamquam
627 2791 729 2848 unicos
759 2807 898 2848 amemus
944 2790 1022 2847 hunc
1050 2790 1166 2866 primns

227 3019 240 3065 1
264 2995 376 3066 lundria
394 3021 422 3064 Β
490 3012 672 3082 prodigarum
690 3028 801 3081 quoque
820 3021 858 3078 Β,
881 3030 936 3080 quo
956 3014 1005 3067 (101.
1021 3022 1051 3079 0;
1069 3013 1167 3080 prodi-

152 3087 302 3151 torumque
320 3094 362 3149 M,
384 3083 428 3137 vel
447 3098 485 3152 ga
501 3100 575 3153 supr.
589 3105 621 3137 m
692 3083 869 3152 voluptatum
891 3094 930 3135 10
999 3089 1014 3136 2
1035 3084 1107 3136 senis
1128 3091 1167 3150 Β,

155 3157 185 3209 ia
199 3172 284 3225 00009.
304 3155 334 3208 in
353 3154 409 3208 alio
428 3154 549 3208 habetur
567 3170 650 3208 senex
669 3155 744 3222 quod
762 3154 832 3207 mihi
851 3155 951 3208 melius
969 3155 1081 3208 videtur
1098 3176 1130 3208 m

135 3234 520 3295 ,equae2qua123ques
583 3225 723 3279 texcidit
740 3234 768 3277 Β
827 3226 1168 3295 celtacensem

157 3357 187 3406 11
207 3349 291 3404 feres:
311 3349 379 3404 feris
397 3359 449 3403 Βν
464 3353 507 3420 (aa
524 3349 579 3404 fers
598 3366 666 3405 corr.
681 3352 718 3420 Β)
792 3355 824 3403 13
845 3298 1051 3420 tut‘ieffltignora
1069 3360 1097 3403 Β

157 3429 309 3490 ltneque:
331 3437 404 3490 equa
423 3432 450 3474 Β
520 3426 553 3475 18
573 3422 721 3477 artiores:
743 3421 883 3476 altiorem
955 3427 989 3474 23
1008 3439 1095 3491 parva
1117 3433 1166 3475 rm

156 3536 190 3584 24
209 3510 338 3655 alt'itertt'
388 3528 572 3584 20100001»
624 3534 657 3582 26
676 3530 716 3582 et:
735 3531 777 3583 est
794 3538 839 3595 1·0;
854 3530 946 3582 00οΜ
999 3535 1032 3581 27
1050 3530 1166 3583 mentis:

155 3617 225 3656 men
249 3617 262 3653 s
284 3610 312 3654 P
