2430 3952
121 193 187 259 362
401 189 594 246 Excusant
611 190 855 247 MONAGENSIA.

122 360 236 422 debetis
256 360 378 420 affectus
396 362 428 419 et
450 362 658 420 venerationis.
703 379 764 420 non
787 362 832 420 est
849 359 1033 435 beneficium,
1058 359 1145 435 quod

121 452 259 528 pascitis,
281 449 334 509 sed
356 452 401 510 est
419 449 544 525 facinus,
567 448 646 526 quod
670 449 795 528 negatis.
840 450 964 508 fratrem
982 451 1071 508 tuum
1093 469 1143 507 re·

122 540 202 600 demi
225 558 313 614 quem
331 541 366 597 ut
388 539 512 598 fratem
531 538 660 598 amabas.
700 540 731 597 te
749 538 893 598 ,similiter
909 537 1055 597 redimere
1078 557 1145 597 non

122 630 217 706 potui.
259 629 312 704 qui
334 627 407 686 duos
425 628 628 703 periclitantes
652 627 735 686 videt
751 627 829 686 fflios
852 646 920 687 suos
944 628 1085 686 existenti
1107 629 1144 685 in

122 719 235 777 maiore
260 717 393 793 periculo
416 716 545 794 porrigit
573 735 703 776 manum.
745 717 839 775 frater
860 719 944 791 tuus,
974 735 1041 774 cum
1065 715 1144 776 libe·
1173 738 1185 777 5

122 809 253 880 raretur,
280 807 375 866 sciens
402 824 432 865 se
460 806 519 864 cito
546 807 726 864 moriturum
754 824 801 865 me
830 806 889 864 tibi
911 805 1144 880 commendavit,

123 898 171 970 ut,
194 897 221 956 si
244 894 368 954 evadere
390 896 421 953 te
444 896 629 972 contigisset,
652 914 700 953 me
721 912 870 970 pasceres,
896 895 1009 954 scilicet
1034 895 1144 954 iurans

124 984 212 1060 quod,
235 985 318 1043 situ
341 1001 430 1060 aeger
446 983 616 1059 redemptus
634 1001 719 1058 esses,
742 983 806 1059 ipse
828 1001 918 1042 sanus
941 984 967 1041 si
990 983 1145 1057 evaderet,

122 1073 313 1151 postmodum
335 1091 382 1130 me
404 1075 547 1147 pasceret
589 1090 708 1132 securus
731 1074 781 1146 sis,
804 1073 935 1131 breviter
951 1073 1064 1130 moriar
1087 1074 1145 1147 qui

124 1182 213 1224 senex
243 1180 309 1221 sum
339 1163 370 1219 et
399 1161 499 1220 inedia
529 1161 664 1236 affectus,
694 1163 725 1220 et
754 1162 814 1220 cito
840 1160 1013 1221 liberaberis
1042 1179 1144 1220 ame.
1160 1185 1185 1223 ro

124 1250 197 1327 quid
223 1271 271 1309 me
293 1251 422 1310 remittis
446 1250 485 1310 ad
513 1248 653 1310 tubam?
690 1251 859 1325 consumpsi
887 1250 987 1324 fietne,
1017 1250 1146 1310 exhausi

123 1340 313 1400 clementiam
342 1341 484 1399 civitatis.
531 1359 592 1398 non
621 1339 678 1398 alit
710 1339 839 1415 populus
871 1339 1021 1398 hominem
1051 1358 1146 1414 quem

123 1448 244 1506 pascere
267 1428 346 1488 filius
364 1428 459 1488 debet.
496 1428 639 1487 infamem
656 1430 687 1487 te
702 1428 801 1487 reddis
821 1430 873 1503 qui
890 1448 938 1486 me
956 1446 1016 1486 non
1033 1430 1144 1502 pascis.

123 1538 179 1596 pro
197 1521 251 1578 tna
269 1537 335 1577 sum
353 1519 465 1593 pietate
484 1518 637 1577 sollicitus.
680 1517 751 1592 quia
768 1518 893 1576 fratrem
911 1519 997 1575 tuum
1019 1517 1146 1593 redemi,

125 1626 193 1666 cum
215 1627 303 1685 aeger
325 1608 429 1682 fuerit,
456 1625 516 1665 non
539 1608 673 1682 sequitur
696 1605 775 1682 quod
798 1625 865 1665 eum
887 1606 955 1680 plus
978 1605 1145 1681 dilexerim,
1161 1627 1185 1668 1⁵

124 1696 177 1756 sed
204 1698 388 1772 sequeretur,
419 1696 444 1755 si
472 1696 558 1755 ambo
588 1697 654 1755 sani
685 1696 796 1754 essetis.
842 1694 912 1754 dato
940 1694 1032 1753 etiam
1053 1695 1146 1770 'quod

125 1788 268 1862 sequatur
295 1785 374 1861 quod
400 1786 499 1861 ipsum
523 1785 591 1860 plus
622 1784 788 1858 dilexerim,
817 1802 877 1842 non
900 1784 1034 1859 sequitur
1062 1785 1147 1859 quod

125 1877 156 1934 te
183 1875 309 1948 oderim,
335 1893 402 1933 cum
432 1876 530 1932 animo
560 1875 714 1950 utriusque
743 1872 908 1931 redimendi
935 1874 1082 1947 venerim,
1114 1876 1147 1933 et

126 1964 299 2039 plerumque
322 1964 409 2037 pater
427 1962 554 2020 duorum
571 1961 702 2020 filiorum
723 1962 851 2020 alterum
873 1962 941 2036 plus
965 1961 1067 2038 diligit
1090 1981 1147 2022 nec

125 2054 227 2110 tamen
249 2050 316 2109 ideo
339 2051 468 2109 alterum
490 2050 561 2109 odit.
1160 2074 1185 2111 so

207 2245 258 2303 VI.
284 2244 437 2304 Ooarcxus
461 2262 613 2303 promen.
658 2247 725 2320 ipsa
748 2248 793 2304 est
815 2264 921 2304 manus
944 2264 1056 2304 caecae.

192 2368 406 2445 Argumentum
428 2389 454 2428 c.
467 2388 500 2444 p.
521 2374 594 2439 111,
614 2372 641 2428 4.

194 2459 316 2537 Allegat
343 2477 443 2518 coram
474 2458 621 2518 iudicibus
651 2461 750 2535 pater:
783 2460 965 2534 compellavi
990 2458 1052 2517 filio
1082 2462 1147 2519 iam

127 2550 266 2608 defuncto
290 2549 338 2607 cui
355 2550 442 2623 pater
465 2549 560 2607 vitam
578 2547 704 2607 abstulit
727 2550 756 2607 et
777 2551 875 2607 mater
895 2549 1003 2607 nititur
1026 2549 1147 2609 auferre

127 2638 319 2714 sepulturam.
361 2638 409 2695 lex
426 2637 599 2713 parentibus
617 2639 650 2695 in
668 2637 839 2696 calamitate
857 2638 934 2696 ferre
957 2656 1043 2713 opem
1061 2638 1147 2698 iube·
1163 2661 1187 2700 es

111 2729 188 2787 ‘bat
225 2729 350 2802 uterque
368 2745 475 2802 parens
496 2729 561 2785 erat
579 2725 611 2783 in
629 2726 802 2785 calamitate
820 2721 1024 2805 devi<n>ctus
1067 2746 1147 2788 unus

129 2820 229 2876 autem
261 2834 429 2875 succurrere
462 2815 582 2890 utrique
618 2834 677 2874 non
713 2818 840 2891 poterat.
890 2816 1006 2874 invenit
1041 2817 1147 2875 tamen

128 2906 282 2984 ingeniosa
305 2906 401 2981 pietas
429 2908 460 2963 et
482 2905 601 2979 utrique
629 2903 768 2963 subvenit
796 2903 950 2979 dispendio
974 2904 1028 2963 sui.
1080 2907 1147 2981 ipse

34 3064 37 3068 Α
128 2997 211 3053 venit
230 2995 268 3052 ad
286 2996 411 3069 patrem,
429 3013 477 3052 mo
494 2995 610 3052 remisit
625 2992 662 3050 ad
681 2995 816 3053 matrem.
853 2995 993 3052 assistens
1014 2995 1147 3069 populus

129 3083 210 3142 dolet
241 3085 392 3141 mortuum
427 3101 487 3141 non
521 3083 671 3157 sepultum
703 3085 733 3141 et
768 3084 803 3140 tu
835 3085 931 3141 mater
962 3081 1147 3160 degenerans
1162 3107 1188 3146 oo

128 3171 224 3230 filium
247 3174 414 3247 putrescere
432 3172 590 3247 permittis.
631 3190 728 3230 nonne
751 3171 799 3230 hic
823 3173 868 3230 est
886 3171 938 3229 1116
961 3190 1049 3247 quem
1072 3191 1148 3231 non·

129 3261 201 3319 dum
224 3263 358 3338 genitum
382 3279 399 3318 a
418 3260 475 3320 diis
497 3262 529 3318 in
552 3260 672 3335 templis
690 3259 776 3319 nobis
800 3260 866 3318 dari
887 3260 1070 3336 petebamus,
1094 3261 1148 3322 1116

128 3349 208 3408 filius
232 3349 462 3424 amantissimus,
486 3369 504 3408 a
524 3368 582 3424 quo
601 3348 720 3424 sepeliri
739 3348 924 3424 optabamus,
948 3352 978 3407 et
995 3351 1030 3407 tu
1052 3368 1148 3429 negas

130 3440 158 3496 ei
176 3438 367 3514 sepulturam.
408 3441 528 3516 ingrata
546 3440 643 3496 mater
662 3457 733 3516 erga
745 3437 841 3496 filium
860 3440 912 3513 qui
930 3438 1149 3514 profectionem

203 3579 235 3627 21
256 3574 288 3628 da
306 3573 386 3628 titolo
404 3574 439 3640 cf.
450 3590 480 3642 p.
495 3577 556 3626 111.
