2430 3952
87 191 151 254 358
362 187 555 243 EXCERPTA
572 187 818 244 Monacensis.

188 360 379 418 Monacensis
405 359 467 416 631
708 359 866 417 Parisinus
890 356 1018 416 7900A

87 484 139 542 ille
162 481 264 542 tacuit.
292 482 414 541 recessit
431 485 517 558 pater
539 485 570 541 et
623 481 801 542 adulescens,
843 475 971 560 s<ene>x
992 481 1116 542 tabulis

87 574 204 631 mutato
218 572 398 631 testamento
411 590 569 631 novercam
622 573 746 629 mutatis
767 589 924 631 novercam
948 570 1117 630 substituit

88 661 159 720 fecit
179 659 323 718 heredem.
357 660 461 718 eadem
483 663 568 719 nocte
622 659 760 718 heredem
778 663 809 718 et
832 659 934 718 eadem
952 662 1041 718 nocte
1061 663 1117 719 tu-

88 750 231 824 strepitus
244 748 450 806 indomofuit.
473 750 568 806 intra·
596 748 720 808 smultu
744 751 809 807 orto
832 750 864 806 in
887 748 974 807 domo

88 839 133 898 vit
151 839 268 898 familia
280 837 313 895 in
332 837 501 896 cubiculum
520 836 570 896 do·

87 927 162 987 mini
180 926 353 1001 invenitque
378 927 477 1003 ipsum
496 926 571 985 occi·
623 926 763 986 inventus
771 928 816 986 est
823 944 910 984 senex
917 944 976 985 uno
983 926 1117 986 volnere

89 1035 154 1076 sum
168 1019 199 1076 et
211 1033 369 1075 novercam
387 1017 471 1073 iuxta
485 1015 570 1074 cada·
625 1017 751 1091 occisus,
780 1033 907 1074 noverca
931 1006 1115 1098 (i)u(x)t(a)

88 1104 571 1179 verdomientisimilemcaecum
625 1104 730 1163 similis
754 1104 922 1178 dormienti,
945 1122 1052 1163 caecus
1079 1107 1117 1164 in

87 1195 232 1259 inlimine
240 1193 368 1252 cubiculi
377 1192 424 1251 sui
433 1195 569 1267 stantem,
584 1212 610 1253 1c
623 1194 726 1252 limine
763 1192 891 1252 cubiculi
927 1194 973 1250 sui
1013 1195 1115 1270 stane,

89 1277 223 1362 gladium
259 1285 322 1342 eius
358 1281 412 1341 sub
447 1282 569 1358 pulvino
624 1281 742 1359 gladius
774 1282 855 1341 caeci
889 1275 1115 1359 cruent<atus>

90 1374 286 1430 cruentatum.
323 1373 464 1430 accusant
482 1390 512 1430 se
525 1372 570 1428 in·
624 1371 678 1430 sub
692 1371 816 1446 pulvino
830 1371 932 1446 ipsius.
964 1375 1117 1432 accusant

90 1462 185 1521 vicem
208 1478 310 1520 caecus
334 1463 365 1519 et
386 1478 520 1519 noverca.
624 1461 797 1519 seinvicem
810 1477 937 1518 nouerca
952 1462 1114 1522 etcaecus.

157 1638 305 1717 Arguitur
328 1656 427 1697 coram
450 1637 597 1696 iudicibus
620 1656 674 1714 pro
694 1655 780 1696 caeco
804 1638 883 1713 quod
906 1656 966 1695 non
986 1636 1116 1697 videtur

90 1731 207 1804 patrem
230 1727 370 1786 occidisse
394 1728 446 1802 qui
467 1726 566 1802 ipsum
587 1728 707 1785 tautum
729 1725 886 1801 dilexerat,
916 1724 996 1800 quod
1020 1745 1051 1785 se
1079 1726 1115 1785 in
1130 1747 1155 1787 rs

91 1816 260 1876 incendium
283 1816 378 1890 dedit,
406 1817 440 1873 ut
463 1834 531 1874 eum
554 1815 695 1892 eriperet,
723 1817 754 1873 et
780 1815 836 1874 hoc
858 1833 918 1873 non
941 1817 1115 1892 contentae,

92 1909 126 1964 ut
149 1905 206 1964 sibi
229 1907 355 1964 matrem
379 1906 409 1964 et
431 1905 512 1981 patri
529 1922 650 1963 uxorem
672 1903 818 1978 redderet,
840 1903 929 1962 rediit
952 1906 982 1961 et
1006 1905 1115 1966 oeulos

93 1993 201 2054 amisit.
242 1996 397 2070 praeterea
416 1993 562 2068 quomodo
580 1994 681 2070 posset
702 1995 747 2051 ita
770 1995 855 2052 caute
873 1994 916 2050 ire
935 1991 972 2049 ad
996 1992 1116 2053 lectum

93 2083 197 2158 petris,
222 2081 300 2157 quod
322 2102 382 2141 non
401 2081 562 2157 audiretur,
586 2101 653 2141 cum
670 2084 825 2158 proprium
848 2081 888 2141 sit
911 2083 991 2139 caeci
1015 2086 1115 2160 cespi-

94 2175 165 2230 tare.
208 2173 363 2246 praeterea
392 2190 459 2229 cum
481 2173 610 2230 venisset
637 2171 675 2229 ad
698 2171 868 2230 cubiculum
892 2172 997 2246 patris,
1022 2189 1115 2247 opor·
1131 2193 1157 2232 re

94 2262 171 2319 teret
195 2279 282 2334 quem
305 2262 374 2336 post
392 2278 458 2318 cum
476 2278 568 2318 manu
586 2261 733 2337 tangeret,
755 2264 790 2319 ut
813 2261 909 2333 sciret,
932 2261 967 2317 ut
989 2262 1116 2334 patrem

94 2350 142 2408 vel
165 2366 323 2408 novercam
349 2351 502 2424 percutere
530 2348 661 2424 deberet3
689 2352 719 2408 et
748 2351 780 2406 in
806 2349 860 2407 illo
889 2350 973 2407 tactu
999 2349 1117 2408 excita·

93 2442 176 2498 retur
200 2439 252 2513 qui
274 2439 371 2497 tactus
394 2437 506 2496 brissei.
547 2439 701 2514 praeterea
725 2437 871 2512 quomodo
898 2439 1019 2512 poterat
1042 2438 1117 2498 dor-

94 2528 168 2587 mire
191 2545 266 2585 uxor
287 2528 372 2585 iuxta
400 2527 527 2586 occisum
555 2529 585 2586 et
611 2545 671 2586 non
694 2527 753 2585 fuit
779 2521 950 2604 ex<ci>tata
973 2525 1012 2584 ad
1037 2530 1118 2588 stre-

94 2619 206 2693 pitum,
237 2635 304 2674 cum
332 2616 449 2674 familia
476 2617 604 2674 excitata
633 2617 725 2674 fuerit
752 2635 827 2691 quae
850 2616 938 2692 louge
967 2614 1118 2678 distabat.
1133 2640 1159 2679 ss

167 2792 199 2840 21
218 2787 312 2838 utrum
330 2787 458 2854 patrem?
486 2787 619 2840 Hammer

996 2915 1118 2926 -Q

363 3034 457 3104 ipsum
474 3036 586 3088 tantum
605 3033 736 3088 dilexerit
758 3033 789 3086 in
812 3033 956 3087 exactione
975 3032 1120 3092 incendii.

364 3122 427 3160 cum
446 3104 590 3160 audiretur
607 3105 720 3172 vadens,
740 3105 808 3172 quia
827 3104 976 3173 cespitans.
1065 3124 1070 3142 ·

97 3177 336 3232 caecuencnocci-
364 3195 427 3231 cum
446 3176 615 3231 occidendus
634 3176 804 3231 excitaretur
822 3178 922 3230 tactus.

97 3248 140 3302 dit
153 3251 336 3317 patremcum
364 3266 427 3302 cum
444 3265 514 3302 uxor
531 3247 595 3317 plue
615 3247 713 3301 debuit
731 3248 847 3302 excitari
868 3263 953 3315 quam
972 3246 1101 3306 familia.

364 3336 427 3374 cum
441 3319 579 3387 quomodo
595 3319 701 3372 diceret
717 3334 853 3373 novercae
868 3318 1033 3387 davonem,
1049 3338 1122 3378 cum

398 3389 519 3446 nesciret
538 3406 574 3444 an
592 3389 685 3458 vellet,
704 3390 733 3444 et
751 3389 791 3443 sic
809 3389 885 3458 patri
904 3389 1019 3444 diceret.

895 3584 955 3622 unc
973 3568 1084 3629 zenan
1102 3592 1123 3631 a
