2430 3952
121 196 186 252 VIII
522 196 736 252 PRAEFATIO.

123 366 356 441 pretiosissimos
375 368 405 424 et
424 368 552 442 optimos
571 365 663 424 libros
682 386 748 425 oum
767 366 888 425 aliunde
906 370 971 426 tum
990 385 1025 426 ex
1045 365 1147 425 Gallia

125 456 155 514 et
178 457 320 515 coemisse
349 457 379 514 et
408 454 485 514 dono
515 457 663 530 accepisse
689 473 763 532 quos
792 455 988 516 bibliothecae
1018 456 1145 532 capituli

122 544 350 622 Bambergensis
373 535 542 626 traderetl)
583 547 648 603 erat
671 545 772 604 autem
799 545 872 604 olim
899 546 990 604 codex
1018 546 1145 622 capituli

98 633 213 713 illius.
254 633 287 690 in
305 633 409 692 charta
428 635 506 692 enim
526 652 544 691 a
561 633 734 710 bibliopega
753 633 852 693 oodioe
874 635 1047 710 praeposite
1069 634 1145 710 legi·

122 724 186 780 tur:
206 721 429 782 declamationes
444 722 621 796 Quintiliani
639 724 679 781 ael
694 724 892 783 bibliothecam
910 725 1146 783 reverendissimi

122 812 247 884 capituli
265 811 502 885 Barabercensis
540 810 719 888 Signaturae
743 812 846 871 eodem
868 813 933 872 loco
954 814 1146 888 reperiuntur

121 903 196 960 tres:
215 899 236 957 J
246 902 275 975 4,
296 902 383 960 1040
398 902 429 959 et
443 918 519 976 quae
538 919 616 958 nuno
630 902 722 978 viget,
740 902 771 959 M
784 901 829 960 IV
848 903 899 960 13.
931 904 1063 960 attamen
1084 921 1145 977 qua

122 991 172 1047 via
195 989 287 1048 codex
309 990 389 1048 hunc
407 991 440 1047 in
458 989 556 1048 locum
574 991 752 1066 pervenen't,
775 1010 834 1050 non
854 993 979 1050 constat.
1021 991 1142 1049 silentio

121 1079 224 1137 tamen
246 1080 410 1155 praeterire
434 1079 503 1137 nolo
527 1080 644 1138 saeculo
668 1079 727 1136 XII
748 1078 781 1138 in
803 1079 985 1138 bibliotheca
1008 1080 1144 1138 coenobii

124 1165 153 1224 S.
179 1166 333 1226 Michaelis
365 1167 593 1244 Bambergensis
629 1169 720 1227 fuisse
753 1167 954 1238 Quintilianos
984 1160 1057 1249 H2),
1090 1171 1144 1244 qui

123 1274 201 1314 anno
235 1257 319 1315 1483
343 1258 376 1314 in
406 1257 543 1333 catalogo
574 1257 610 1316 ab
636 1257 758 1315 Andrea
786 1257 893 1316 abbate
921 1259 1055 1316 coniecto
1083 1277 1143 1316 non

121 1344 184 1403 iam
199 1347 419 1404 enumerantur.
457 1364 531 1421 quos
545 1348 577 1403 in
593 1345 806 1405 bibliothecam
826 1348 951 1423 capituli
971 1365 1032 1406 esse
1046 1349 1142 1406 trans-

121 1433 213 1509 latoS,
246 1434 298 1492 ubi
326 1436 388 1493 iam
418 1436 535 1493 saeculo
568 1434 642 1493 XIH
672 1435 730 1494 duo
761 1434 941 1505 Quintiliani
969 1437 1001 1494 in
1031 1436 1143 1495 tabulis

120 1523 211 1581 relati
234 1514 350 1603 suna),
379 1527 470 1598 atque
499 1542 561 1583 esse
592 1523 710 1583 eosdem
738 1529 828 1600 atque
857 1543 906 1584 eos
935 1526 987 1600 qui
1009 1544 1087 1583 nune
1110 1527 1143 1582 iu

120 1612 302 1671 bibliotheca
320 1614 404 1690 regia
421 1615 577 1672 servantur
596 1605 643 1695 (M
655 1613 699 1671 IV
715 1615 755 1673 13
776 1617 806 1672 et
824 1615 855 1672 M
868 1614 911 1672 lV
934 1606 989 1695 14)
1010 1613 1143 1672 affirmat

120 1693 331 1782 Bresslan.4)
372 1721 468 1777 neque
491 1701 595 1778 negari
615 1705 724 1778 potest,
748 1705 934 1762 coniecturae
957 1703 1004 1761 illi
1028 1703 1143 1778 aliquid

121 1789 343 1866 probabilitatis
362 1793 466 1864 inesse,
485 1793 620 1850 attamen
639 1810 717 1867 eave,
742 1811 807 1850 eam
825 1812 879 1868 pro
900 1795 980 1850 certa
998 1792 1142 1852 vendites.

189 1878 248 1938 Sed
271 1879 375 1939 adres
393 1880 754 1958 orthographicas‘redeo.
792 1881 828 1940 de
851 1881 957 1956 quibus
975 1901 1012 1939 ne
1035 1881 1143 1959 longus

121 1969 192 2044 sim,
223 1969 280 2027 hoc
310 1969 376 2027 loeo
405 1988 500 2027 unum
534 1971 567 2027 in
602 1972 793 2046 conspectum
821 1970 957 2029 redactas
990 1971 1143 2046 proferam

122 2057 286 2133 scripturas
317 2058 465 2133 quasdam
492 2059 661 2118 sollemnes:
690 2060 833 2132 adfectas,
862 2060 977 2132 adfero,
1006 2061 1142 2131 adfirmo,

123 2148 227 2216 adicio,
247 2148 385 2221 adprobo,
405 2149 557 2216 adsiduus,
577 2148 716 2223 ahoquin,
736 2152 816 2223 aput,
835 2151 947 2222 atquin,
966 2152 1143 2222 contemptus

121 2227 229 2316 (etiam
251 2255 305 2312 pro
325 2229 497 2318 conantes),
520 2238 656 2312 alannae,
680 2239 805 2307 dinosco,
824 2240 973 2306 execratio,
997 2240 1140 2312 eaeqaiac,

120 2328 242 2398 capedo,
268 2327 371 2395 eaulto,
393 2328 498 2400 inqui
519 2328 659 2400 intellece,
681 2329 806 2402 nealcae,
829 2329 948 2395 nunno,
972 2328 1071 2396 obicio,
1093 2329 1140 2385 eb-

119 2431 231 2477 seenus.
249 2417 405 2488 paciencia
428 2416 477 2475 vel
500 2419 563 2485 -tia,
581 2419 697 2490 pacior,
715 2417 860 2490 cauam,
884 2418 1022 2490 quotiens,
1045 2418 1140 2491 sepul-

119 2504 234 2572 chrum,
264 2508 381 2578 tempto,
412 2507 526 2573 totiens,
557 2524 645 2581 saepe
674 2506 816 2583 leguntur
840 2506 1015 2580 monarcus,
1046 2523 1143 2574 aecus,

121 2593 247 2661 oeneus,
270 2599 414 2653 secuntur.
456 2594 576 2653 litterae
600 2613 614 2653 e
637 2597 667 2653 et
690 2612 737 2669 ae,
762 2599 773 2653 t
795 2599 825 2654 et
839 2613 863 2675 c
885 2595 946 2653 fere
973 2597 1142 2671 promiscue

120 2684 312 2757 usurpantur.
354 2685 405 2743 vix
422 2683 575 2742 interdum
593 2683 734 2742 differunt
755 2701 777 2742 n
801 2683 838 2741 ab
859 2703 878 2742 u
899 2686 929 2742 et
947 2685 979 2757 ii,
1002 2684 1022 2742 el
1045 2683 1082 2742 ab
1107 2685 1141 2742 cl.

105 2906 109 2912 ,
193 2851 218 2918 1)
237 2850 272 2904 cf.
296 2851 313 2904 J
319 2850 395 2917 ack,
420 2851 618 2922 Vollstiindige
642 2852 854 2922 Besobreibung
884 2853 934 2906 der
959 2852 1140 2907 bffentliehen

119 2921 284 2976 Bibliothek
311 2940 345 2975 zu
370 2923 511 2994 Bamberg
528 2923 555 2976 H
578 2926 683 2994 (1832),
713 2943 741 2992 p.
760 2924 794 2990 H,
821 2923 1060 2991 Giesebreeht,
1087 2923 1140 2978 Ge-

120 2993 246 3047 schichte
266 2994 315 3048 der
334 2994 489 3049 deutschen
508 2995 664 3049 Kaiserzeit
681 2995 721 3047 Π4
736 2998 834 3066 (1875),
854 3014 873 3064 p
898 3001 939 3049 64.

191 3067 218 3133 2)
237 3063 272 3118 cf.
292 3064 324 3119 G.
339 3065 481 3134 Becker,
505 3066 629 3137 catalogi
647 3066 884 3122 bibliothecarum
908 3066 1019 3134 antiqui
1039 3068 1140 3136 (1886),

191 3209 217 3275 3)
238 3207 272 3261 cf.
292 3206 477 3276 Diimmler,
496 3208 634 3278 Anaeiger
651 3208 697 3262 fiir
713 3209 814 3264 Kunde
833 3210 883 3264 der
901 3209 1056 3263 deutschen
1070 3209 1139 3262 Vor-

120 3277 175 3331 zeit
192 3278 227 3332 N.
242 3278 272 3333 F.
289 3284 323 3331 24
337 3281 437 3348 (1877),
457 3298 484 3349 p.
501 3286 564 3335 135:
590 3282 686 3335 Marci
703 3282 792 3335 Fabii
812 3280 1003 3350 Quintiliani.
1021 3325 1026 3334 .
1043 3323 1048 3334 .
1063 3281 1138 3335 aclu-

119 3350 191 3404 niine
209 3351 309 3418 incipit
327 3352 356 3404 et
369 3351 466 3419 paullo
485 3350 572 3405 infra:
592 3353 676 3407 Liber
692 3353 787 3407 Marci
801 3353 890 3407 Fabii
905 3352 1077 3423 Quintiliani
1095 3352 1139 3404 in-

118 3422 293 3477 stitutionum
311 3423 504 3478 oratoriarum.

190 3493 217 3563 4)
236 3493 407 3563 Bamberger
427 3492 558 3559 Studien,
582 3493 674 3548 Neues
693 3494 796 3548 Archiv
820 3496 870 3549 der
888 3493 1075 3549 Gesellschaft
1094 3493 1141 3546 fiir

119 3563 207 3619 tltere
226 3565 359 3619 deutsche
379 3564 639 3621 Geschiehtskunde
659 3573 691 3620 21
712 3569 812 3637 (1896),
831 3585 857 3636 p.
875 3570 933 3619 170.
