2430 3952
376 212 610 268 DECLAMATIO
629 213 807 268 XV10-1r.
1032 212 1094 277 287

85 401 178 458 usque
196 383 227 440 in
246 383 434 442 monstruosa
451 381 643 441 fecunditatis
658 400 747 441 onera
764 380 916 459 perlatos?
951 402 986 441 er
1004 383 1103 441 omni.

86 473 141 531 bus
163 475 265 530 tamen
289 489 364 546 quae
387 470 472 531 nobis
495 470 678 547 patientibus
702 473 858 546 extorquet
885 471 1019 546 affectus,
1042 472 1098 530 hoc

87 561 292 620 saevissimum
317 561 463 636 patimur,
491 559 570 636 quod
596 579 682 620 nemo
710 559 776 619 vult
803 561 835 618 in
863 578 962 620 amore
991 561 1097 620 sanari.

154 644 231 727 ‘Ego
258 644 383 724 tamen,'
406 648 518 724 inquit,
543 643 653 707 ‘amare
683 644 823 707 mallem!
869 649 925 708 hoc
952 653 997 709 est
1020 668 1100 727 ergo,

59 741 208 815 spropter
231 736 311 812 quod
333 756 407 814 opus
431 737 498 797 odio
522 737 589 797 fuit.
635 738 711 796 nihil
735 736 864 815 agebant
888 739 1098 816 castigationes

86 847 140 887 nee
163 845 277 903 preces,
305 827 428 886 consilia
450 826 621 902 perdebant.
668 827 736 886 odio
760 826 847 886 debet
870 829 985 887 amator
1007 829 1098 902 expli-

87 917 147 976 cari
172 935 260 992 quem
287 918 374 975 sanat
397 915 545 976 adamata.
590 916 774 994 interrogare
796 918 827 975 te
849 916 905 974 hoc
928 918 994 975 loco
1016 916 1098 991 libet,

86 1005 231 1080 numquid
246 1023 382 1064 accusare
401 1023 512 1081 posses,
531 1004 650 1080 siquod
668 1005 740 1064 fecit
757 1005 971 1064 medicamento
989 1005 1099 1082 puella,

86 1095 205 1154 fecisset
232 1091 352 1153 animo?
396 1093 483 1153 licuit
513 1096 543 1153 te
570 1111 735 1170 reposcere,
769 1098 914 1170 quantum
944 1114 1099 1153 numerare

47 1203 74 1243 ro
87 1202 145 1243 non
168 1185 301 1259 poteras,
329 1183 476 1258 fastidire,
500 1185 693 1242 contemnere.
739 1184 799 1241 iam
827 1183 992 1261 indignaris
1020 1183 1100 1259 quod

87 1275 118 1331 te
145 1271 253 1330 maluit
283 1272 413 1331 remedio
441 1291 532 1347 quam
557 1272 659 1331 dolore
691 1274 798 1332 sanari.
844 1272 951 1331 mulier
983 1275 1030 1331 cui
1062 1272 1100 1331 ad

88 1360 298 1420 dimittendum
326 1379 456 1420 amorem
485 1361 663 1436 sufficiebat,
691 1364 727 1419 ut
754 1360 876 1435 odisset,
903 1363 969 1438 ipsa
992 1381 1046 1437 pro
1069 1364 1099 1420 te

88 1452 331 1523 commentorem,
355 1452 389 1508 ut
411 1450 495 1509 illam
518 1453 552 1509 tu
575 1452 675 1526 potius
699 1450 818 1509 odisses.
854 1449 932 1529 finge
950 1453 981 1508 te
999 1454 1099 1510 tamen

88 1539 191 1615 aliqua
212 1538 336 1597 remedii
357 1540 403 1596 tui
428 1539 537 1598 sentire
559 1541 721 1614 tormenta,
745 1538 991 1617 adrogantissime
1013 1540 1100 1598 mise-

48 1648 74 1689 11
88 1648 201 1702 rorum,
224 1631 258 1686 tu
282 1630 381 1687 autem
400 1627 538 1704 sperabas
562 1627 675 1687 ardoris
698 1628 839 1687 inmodici
857 1628 974 1687 felicem
996 1629 1100 1687 statim

89 1717 257 1777 sanitatem.
303 1715 387 1793 quid,
420 1717 446 1775 si
477 1720 620 1793 queratur
650 1736 738 1794 aeger
770 1716 967 1776 abstinentiae
999 1717 1100 1776 dolore

89 1803 233 1866 sanatus?
278 1823 399 1865 excussa
423 1808 492 1865 sunt
514 1807 688 1883 plerumque
710 1806 918 1884 languentium
938 1806 1014 1864 vitia
1036 1825 1099 1865 ver·

88 1895 217 1970 boribus,
237 1893 389 1970 redempta
408 1895 562 1954 debilitate
580 1896 652 1969 vita,
674 1895 802 1973 ignibus,
821 1894 991 1954 vulneribus
1009 1897 1100 1954 inter·

90 1985 160 2044 dum
182 1983 340 2060 profutura
363 1986 498 2061 grassata
521 1986 599 2059 sunt,
623 1989 653 2044 ct
671 2003 747 2060 quae
770 1986 897 2044 fuissent
919 1985 999 2058 mala
1022 1986 1100 2044 sani-

48 2094 76 2135 11
89 2076 175 2147 tatis,
207 2073 238 2130 in
266 2072 396 2150 gratiam
421 2073 618 2133 remediorum
645 2074 681 2132 de
712 2073 835 2132 maioris
866 2074 992 2150 periculi
1023 2093 1100 2133 com-

88 2158 245 2240 paratione
267 2161 426 2221 redierunt.

156 2251 215 2309 Vir
237 2251 402 2311 mehercule
425 2251 595 2328 contingere
617 2253 724 2327 potest,
747 2255 782 2309 ut
799 2251 908 2310 hilares
927 2252 965 2311 ab
982 2252 1038 2311 hac
1056 2252 1101 2309 in·
1116 2254 1153 2308 12

89 2341 238 2418 patientia
267 2339 399 2414 laetique
431 2339 585 2399 discedant
616 2359 690 2416 quos
722 2340 830 2417 pudor,
863 2358 936 2416 quos
968 2343 1100 2414 satietas,

92 2448 166 2506 quos
192 2429 392 2504 paenitentiae
419 2428 498 2488 ratio
526 2428 660 2488 dimittit.
706 2448 759 2488 nec
783 2431 846 2488 sine
874 2430 974 2504 aliquo
1001 2447 1100 2488 morsu

48 2539 76 2580 as
90 2519 224 2578 resilitur
251 2535 269 2576 a
295 2517 382 2577 malis
410 2536 486 2596 quae
509 2518 664 2594 voluptate
690 2519 857 2577 tenuerunt.
903 2520 1011 2577 iterum
1039 2537 1101 2576 ma-

89 2607 166 2667 teria
189 2609 297 2666 amoris
320 2609 373 2681 est,
396 2601 528 2666 desinere
551 2626 605 2667 nec
624 2607 715 2682 queri.
753 2626 826 2682 opus
845 2606 903 2665 fuit
920 2608 987 2683 pari
1006 2605 1101 2665 diver-

163 2838 176 2885 1
193 2831 299 2884 honera
313 2838 334 2881 V
384 2835 399 2884 2
415 2845 487 2898 quae
501 2829 595 2884 nobis:
611 2845 694 2899 quem
708 2832 773 2900 (que
782 2831 822 2900 st)
836 2828 880 2884 bis
890 2833 1014 2900 ac(corr.
1024 2831 1065 2898 m)

89 2901 253 2973 patentibus
267 2909 357 2968 BVH3
375 2901 575 2972 {palantibus
589 2902 748 2972 (iratiores.
766 2905 839 2956 6-7
852 2901 914 2970 litt.)
929 2910 970 2968 sl,
989 2901 1033 2954 vel
1051 2917 1101 2970 pa-

90 2973 227 3028 tientibus
245 2989 320 3042 supr.
335 2992 367 3025 m
421 2977 511 3040 3quo
525 2981 606 3026 BVH
657 2972 789 3027 satiaris
844 2971 1103 3041 dperdebanturs

92 3103 125 3172 10
144 3101 311 3162 contemnere
327 3106 359 3151 s!
425 3103 453 3151 11
477 3096 572 3151 dolose
591 3105 623 3150 s!
684 3103 717 3151 12
736 3047 885 3150 dimicentur
899 3107 927 3150 B
976 3103 1008 3150 13
1026 3097 1102 3166 finge

91 3172 132 3229 te:
156 3169 254 3240 fingite
271 3178 324 3222 BV
390 3170 419 3223 te
437 3185 487 3224 om.
504 3181 524 3221 c
595 3174 628 3221 14
649 3168 773 3222 remedia
792 3181 832 3221 ao
848 3170 924 3237 (corr.
939 3170 980 3238 m)
1052 3171 1102 3222 tua

91 3284 161 3328 BVn
220 3273 263 3330 ³15
281 3275 436 3347 sperabiss
507 3257 706 3330 1111111111
758 3275 827 3328 vitia
845 3292 895 3330 cm,
910 3285 942 3329 Μ
1008 3281 1041 3329 18
1060 3292 1101 3329 re-

92 3383 234 3452 deptaque
258 3393 290 3437 s!
386 3382 456 3438 vitia
481 3404 516 3451 ως
541 3400 608 3438 corr.
630 3384 708 3438 Dese.
808 3387 840 3436 19
866 3365 1033 3453 gradatas

93 3459 126 3508 20
150 3454 243 3524 gratia
260 3477 279 3508 α
386 3455 517 3509 sanitatis
539 3460 601 3509 arcte
620 3454 654 3507 de
673 3454 737 3508 add.
757 3460 782 3508 ct
800 3471 859 3524 esp.
878 3464 900 3507 V
1003 3460 1036 3508 22
1059 3454 1102 3508 in·

92 3526 172 3595 11111
189 3535 211 3578 V
308 3531 343 3580 25
365 3525 539 3594 voluptatem
558 3535 589 3578 ,11
689 3525 779 3579 maria
796 3535 834 3593 153
858 3525 997 3580 matheria
1014 3535 1035 3577 V

93 3603 125 3652 26
146 3596 244 3669 queri}
262 3606 295 3651 Μ
