2430 3952
121 187 186 251 140
426 185 629 240 TORMENTA
646 184 824 240 PAVPERIS

118 374 222 417 sumus
247 373 321 430 quos
348 356 428 432 leges
448 372 670 430 supervacuum
697 356 840 430 putavere
867 356 1008 429 torqueri.
1055 355 1133 414 unde

120 444 205 503 nobis
239 445 317 507 inter
347 446 406 503 ista
438 441 602 503 secretum?
646 445 679 500 in
705 444 861 502 tormentis
893 442 986 501 libero
1017 444 1134 502 homini

121 551 196 609 opus
220 536 265 592 est
286 533 443 609 patientia,
464 534 500 591 ut
521 553 625 592 verum
648 531 736 591 dicat.
1124 536 1126 539 ’

188 621 255 695 Sed,
277 624 390 697 inquit,
416 622 483 680 ideo
506 623 640 696 torqueri
661 639 720 680 non
744 620 845 696 debes,
869 623 940 696 quia
964 623 1070 699 exigis,
1099 624 1134 680 ut

121 712 295 786 torquearis.
333 711 415 769 aliud
434 713 511 784 sunt,
534 711 662 784 inimice,
685 712 842 785 tormenta,
866 710 948 768 aliud
970 711 1048 769 velle
1070 713 1133 770 tor·
1160 731 1172 771 a

121 802 213 876 queri.
258 801 358 859 felices
381 800 458 874 illos,
483 801 534 874 qui
556 817 692 858 recusare
715 800 887 858 voluerunt!
923 803 1054 858 meretur
1076 800 1135 859 cle-

120 891 263 948 mentiam
282 891 312 948 et
334 889 466 948 favorem
490 889 623 963 quisquis
647 888 685 945 ad
706 889 761 946 illa
783 890 912 947 tremens
931 890 1134 964 exanimisque

119 979 302 1055 perducitur,
329 996 417 1053 quem
443 979 493 1036 vix
516 995 534 1035 a
561 976 684 1053 genibus
711 979 808 1035 tortor
835 976 968 1052 abducit,
997 977 1044 1035 eui
1071 979 1135 1036 iam

120 1069 227 1126 scissas
252 1084 367 1141 quoque
396 1065 516 1123 difficile
543 1067 639 1140 possis
667 1067 779 1141 eripere
802 1069 906 1125 vestes.
954 1085 1007 1144 ego
1032 1086 1133 1141 quem·

122 1155 281 1214 admodum
301 1155 394 1214 vultis
417 1154 554 1229 deprecer
577 1155 629 1229 qui
646 1154 749 1214 videor
770 1173 946 1230 provocasse
968 1153 1134 1214 tortorem?
1149 1176 1176 1215 10

120 1244 186 1316 ille,
213 1243 265 1302 ille
292 1245 354 1302 sine
381 1243 445 1302 ulla
470 1244 660 1302 miseratione
686 1243 835 1302 laceratur
862 1244 911 1303 oui
934 1244 971 1302 ad
999 1245 1134 1321 singulos

120 1333 198 1391 ictus
221 1331 341 1391 dicitur:
365 1325 606 1407 ε11100101111011,
636 1351 723 1406 quem
746 1351 805 1390 non
828 1332 912 1391 decet
933 1352 1053 1410 rogare,
1081 1335 1135 1408 qui

121 1421 252 1480 creditur
273 1421 383 1498 fingere
405 1421 666 1496 proclamationes,
689 1422 829 1480 simulare
851 1421 988 1500 gemitus,
1014 1421 1051 1479 de
1073 1441 1134 1496 quo

121 1511 252 1586 primum
273 1511 413 1570 videntur
433 1509 612 1569 vindicanda
633 1512 790 1569 tormenta.

86 1601 105 1656 8
190 1601 258 1659 Non
280 1601 409 1673 invenio,
431 1599 543 1658 iudices
566 1599 638 1674 quid
661 1617 779 1674 sperare
801 1601 896 1674 possit
917 1601 968 1674 qui
990 1601 1135 1659 mentitur
1150 1621 1176 1660 rs

123 1692 153 1748 et
176 1689 268 1767 exigit
286 1689 496 1764 quaestionem.
532 1689 648 1748 homini
671 1690 723 1763 qui
745 1688 811 1747 vult
832 1690 976 1764 torqueri,
999 1687 1051 1746 diu
1072 1707 1134 1747 non

122 1778 253 1836 creditur
274 1797 328 1836 neo
346 1796 450 1836 verum
468 1777 586 1836 dicenti.
623 1795 676 1836 nec
699 1779 753 1851 est,
774 1777 896 1852 iudices
920 1775 998 1852 quod
1020 1779 1134 1853 putetis

124 1865 197 1925 adeo
219 1867 294 1924 mibi
316 1865 518 1925 tristissimam
541 1866 701 1926 orbitatem
724 1884 824 1935 omnes
846 1866 1044 1924 humanorum
1066 1885 1133 1942 pec·

122 1957 221 2014 torum
242 1957 376 2030 rapuisse
400 1973 509 2030 sensus,
532 1958 647 2014 utnon
670 1956 843 2033 intellegam
865 1957 966 2030 petere
988 1956 1134 2031 mequod

89 2055 95 2095 ¹,
123 2042 204 2102 dives
226 2045 322 2119 possit
345 2044 481 2118 evadere,
509 2047 539 2103 et
561 2063 654 2120 paene
681 2045 776 2121 magis
799 2063 853 2119 pro
878 2063 1050 2119 percussore
1071 2046 1134 2104 tor·
1148 2067 1175 2106 10

124 2134 214 2207 queri
252 2132 303 2190 sed
322 2132 394 2207 quid
416 2152 463 2191 me
486 2133 582 2193 facere
601 2131 715 2192 vultis?
751 2152 810 2192 non
829 2132 920 2191 debeo
944 2151 1029 2209 posse
1052 2153 1133 2191 men-

122 2222 183 2295 tiri,
205 2222 293 2279 bomo
313 2223 365 2296 qui
388 2240 455 2279 eum
472 2221 552 2281 filius
575 2241 657 2281 meus
676 2223 866 2296 occideretur,
889 2222 1020 2279 interfui.
1057 2224 1133 2281 1011-

122 2312 180 2368 tati
202 2312 320 2368 tantum
338 2313 456 2385 praesto
474 2313 661 2386 patientiam,
685 2313 770 2388 exigo
790 2312 1001 2386 quaestionem,
1023 2313 1055 2369 iu
1074 2330 1135 2387 qua

124 2399 197 2474 quid
220 2399 353 2458 1101111110
377 2401 442 2474 sim,
464 2401 577 2474 nescio;
601 2400 673 2476 quid
696 2400 818 2459 debeam
841 2399 947 2474 dicere,
969 2400 1041 2475 vidi,
1064 2402 1133 2459 0010.

123 2489 215 2548 vultis
237 2492 305 2564 post
327 2488 382 2547 hoc
405 2491 587 2566 argumentis
611 2489 826 2565 suspicionibus
849 2487 957 2566 agam?
997 2489 1135 2549 breviora
1149 2511 1176 2551 aa

123 2582 274 2637 tormenta
297 2580 373 2637 sunt.

190 2668 258 2727 Non
281 2667 408 2741 invenio,
430 2665 551 2740 iudices,
574 2685 626 2725 cur
643 2670 751 2726 renuat
767 2669 923 2742 tantopere
945 2667 1026 2726 dives
1046 2687 1134 2742 quae

124 2757 260 2831 stionem,
281 2759 441 2832 postquam
463 2758 620 2830 supersunt
643 2757 739 2815 adhuc
761 2758 875 2815 ineerta
898 2775 932 2815 ao
953 2756 1052 2815 dubia.
1089 2757 1133 2814 fa-

124 2844 207 2902 oinus
235 2847 280 2905 est
306 2848 406 2904 tamen
433 2864 481 2904 me
507 2862 566 2903 uon
593 2846 740 2919 torqueri,
768 2847 794 2904 01
821 2846 895 2904 mihi
921 2848 1001 2903 torto
1029 2846 1134 2920 utique

123 2933 301 2992 credendum
333 2937 384 2993 est.
436 2952 588 3009 quousque
619 2953 681 3008 me,
717 2934 917 2994 crudelissime
953 2934 1135 3009 mortalium,
1149 2957 1177 2996 eo

123 3025 219 3081 metus
247 3024 436 3082 simulatione
463 3020 598 3082 deludis?
643 3040 698 3100 ego
724 3023 819 3100 magis
849 3023 900 3097 qui
927 3024 1046 3098 postulo
1074 3026 1134 3082 tor-

123 3114 238 3185 menta,
264 3113 369 3186 1111100,
398 3131 452 3189 ego
481 3112 532 3186 qui
558 3112 635 3170 nibil
661 3111 757 3170 facere
779 3113 878 3187 potui,
906 3131 972 3170 oum
994 3112 1126 3171 viderem

197 3357 312 3419 lquos:
333 3352 408 3419 quod
421 3361 460 3419 Βς
479 3352 509 3404 in
522 3367 592 3421 quos
609 3361 631 3404 V
681 3367 710 3405 se
727 3366 910 3420 pervacuum
927 3361 949 3403 V
999 3333 1135 3406 9⁸cissas

125 3424 148 3492 (s
165 3439 241 3491 supr.
260 3423 320 3476 0110
337 3423 486 3492 01000οΠ
571 3422 759 3476 1001111011
846 3427 880 3475 20
898 3421 1091 3496 perttcussorc
1108 3433 1137 3477 B

124 3499 159 3619 {g
177 3493 247 3619 qgrtrod
256 3493 402 3618 Idicturus:
422 3493 491 3562 quid
509 3512 560 3551 om.
575 3504 609 3562 P,
627 3497 659 3548 10
675 3511 761 3564 marg.
776 3493 840 3548 add.
854 3515 877 3555 p
914 3497 972 3546 '27
991 3497 1092 3548 rffiiuat
1110 3504 1138 3548 P
