2430 3952
144 192 210 257 276
532 187 607 247 ODII
624 190 732 246 ΡΟΤΙΟ
750 189 777 244 Π

145 361 253 436 fectus,
281 364 312 421 et
333 361 417 420 brevi
438 379 556 420 neccsse
582 362 628 420 eet
649 379 806 420 consumar
828 380 887 435 quo
910 361 1019 420 cotidie
1049 363 1163 422 vincor.

146 469 223 525 quae
245 452 359 527 putatis
383 469 444 510 esse
466 452 624 524 tormenta,
648 468 736 525 quem
758 448 899 524 dolorem,
922 468 990 510 cum
1008 469 1097 510 mene
1114 470 1164 511 ro

145 543 230 598 tatur
252 541 352 600 oculos
375 541 472 615 sequi,
496 558 563 598 cum
587 559 605 598 a
627 539 789 597 luminibus
812 540 874 599 suis
897 540 1015 598 animus
1039 539 1165 601 abduci*

146 627 217 687 tur?
253 628 321 688 odio
340 629 418 704 quod
437 647 497 687 non
514 627 641 702 proficit,
663 628 720 686 hoc
737 631 881 703 superest,
898 630 933 687 ut
950 628 1078 687 occidat.
1116 647 1168 690 mc

146 718 310 793 infelicem,
337 719 363 778 si
385 736 533 777 venenum
559 716 641 776 istud
665 735 725 776 non
750 717 841 776 habet
867 719 1008 791 mortem,
1036 719 1065 777 si
1087 721 1167 780 milri
1192 739 1202 779 ⁵

146 808 226 866 inter
246 808 300 866 hos
324 806 439 866 dolores
464 807 582 883 longior
603 807 667 865 vita
691 805 825 865 ducenda
847 810 899 865 est.
937 825 990 865 cur
1013 825 1071 885 ego
1094 813 1168 884 poet

146 895 203 955 hoc
221 897 314 954 animi
336 897 423 969 vineo,
447 914 524 970 quae
545 898 712 954 commenta
733 893 901 972 prospicio?
946 897 973 955 si
995 899 1168 960 meretricia

146 986 342 1061 inpatientiae
371 985 471 1043 omnia
496 985 600 1059 licent,
622 985 679 1043 hoc
706 986 763 1042 erit
789 984 964 1058 remedium,
997 989 1032 1044 nt
1061 1006 1168 1048 amare

147 1093 250 1133 nusus
273 1073 423 1150 incipiam.

619 1266 693 1340 XV.

487 1426 585 1499 ODH
611 1426 750 1499 POVIO
777 1426 823 1499 Π.

149 1625 289 1685 Meretrix
306 1626 435 1685 amatori
453 1644 505 1686 suc
523 1627 650 1700 pauperi
668 1625 750 1684 dedit
768 1625 830 1683 odii
847 1627 1007 1701 potionem.
1041 1633 1170 1688 accusat

193 1715 278 1774 illam
300 1733 415 1792 pauper
437 1713 579 1774 veneficii.

117 1908 133 1962 l
219 1910 295 1984 Etsi,
315 1909 436 1984 iudices,
458 1910 503 1968 ita
521 1929 540 1968 a
557 1911 665 1968 natura
684 1912 877 1984 conparatum
895 1913 948 1984 est,
969 1929 1006 1969 ne
1024 1911 1066 1969 sit
1085 1912 1168 1973 ull'ue

151 2000 258 2057 iustior
280 1997 365 2058 dolor
383 2016 474 2073 quam
495 1998 630 2057 beneficii
648 1999 694 2057 sui
716 1998 877 2074 perdidisse
895 2001 1050 2073 ratIonem,
1075 2001 1169 2063 nihil·
1184 2022 1207 2061 15

152 2106 209 2162 que
232 2089 352 2164 grauns
371 2087 492 2146 adficiat
509 2089 719 2146 conscientiam
739 2087 883 2146 bonorum
902 2108 992 2164 quam
1011 2091 1168 2163 quotiens-

152 2195 277 2250 cumque
300 2177 382 2233 nulla
404 2178 511 2235 merita
530 2177 705 2252 ceciderunt,
728 2195 787 2235 non
806 2176 914 2235 efficiet
936 2180 1036 2236 tamen
1059 2180 1170 2239 nefan-

225 2333 238 2380 1
262 2338 445 2394 neceesse113
468 2330 599 2397 ηθοξθεεθ
617 2337 650 2381 Μ
718 2344 773 2397 quo
792 2345 842 2383 cm.
857 2342 893 2394 po
961 2329 1057 2383 vincar
1077 2340 1097 2382 r

152 2400 253 2453 Aodio
267 2417 317 2454 om.
331 2409 363 2451 Μ
413 2398 591 2453 dielicemo
644 2400 694 2453 sed
707 2415 843 2454 venenum
856 2409 883 2452 B
937 2407 1034 2454 dour:
1049 2418 1121 2469 quos
1138 2413 1172 2456 Μ

153 2476 168 2524 ‘1
188 2472 261 2525 vices
276 2473 488 2540 commentaque
502 2483 531 2539 ες
544 2489 569 2525 v.
584 2473 778 2538 tormentaque
795 2471 857 2526 Otr.
913 2476 928 2524 8
948 2471 1135 2540 impotentiae
1152 2487 1170 2528 ς

153 2561 331 2667 &menan

223 2668 515 2736 strenationem
528 2676 557 2719 n
605 2651 1168 2732 Mrncro1nrn1nmoorrpcr10

152 2755 324 2809 EXPLICIT.
344 2765 366 2808 V
442 2754 569 2810 EXPLIC
588 2755 663 2811 ODII
680 2755 803 2822 POI'I0;
821 2755 918 2810 INOIP
936 2755 985 2810 Ill}
1003 2754 1168 2812 POTIONE

153 2826 258 2892 QVAM
276 2826 386 2880 DEDIT
404 2826 547 2879 PVELLA
565 2827 694 2881 IVVENI
707 2826 755 2880 VT
769 2826 920 2881 arduus
935 2826 1027 2880 ALIIS
1047 2826 1089 2880 sd
1110 2828 1170 2883 SO-

153 2897 231 2950 IAM
252 2897 405 2951 AMARET
428 2900 524 2967 (minio
537 2900 624 2967 pieta)
640 2907 671 2951 Μ
757 2897 888 2967 Explicit.
914 2898 985 2951 Item
1003 2897 1061 2967 odij
1085 2902 1169 2969 potio

153 2969 262 3037 incipit.
277 2983 292 3033 β
310 2971 406 3039 (minio
419 2971 454 3038 Ρ)

224 3042 321 3094 titulus
343 3047 369 3094 et
390 3048 580 3111 crpumcntum
602 3041 699 3095 decom
721 3041 752 3094 ic
770 3049 799 3092 Μ
885 3043 916 3095 iu
934 3057 1019 3111 marp.
1035 3039 1170 3097 THEMA

154 3129 259 3198 (minio)
277 3130 308 3182 in
323 3129 386 3183 aliis
401 3130 441 3183 sic
454 3133 531 3184 teme
548 3129 661 3200 incipit;
679 3135 830 3198 aequantur
844 3131 861 3183 l.
872 3134 908 3183 12
916 3146 954 3199 aq.
985 3135 1017 3183 13
1035 3121 1169 3188 uxum&

154 3216 284 3270 THEMA
298 3219 405 3287 (minio)
418 3228 451 3272 Μ
499 3224 562 3288 post
579 3218 706 3272 veneficii
724 3219 788 3272 cdd.
802 3220 889 3272 micio
903 3221 977 3286 picto
995 3203 1093 3272 meli
1112 3220 1170 3274 uc>

153 3289 195 3342 De
213 3288 304 3342 PARS
323 3289 469 3343 ALTERA
540 3289 656 3345 CAVSA
672 3289 723 3343 XV
741 3299 773 3341 Μ
842 3296 1032 3360 arpumcutccm
1050 3307 1133 3359 orne

227 3365 259 3414 15
277 3360 392 3415 venefici
410 3370 449 3427 133
468 3362 595 3416 veneficii
612 3371 633 3413 V
716 3366 748 3414 16
765 3360 883 3415 adliciat
900 3378 934 3415 erc
952 3360 1053 3415 -faciat
1067 3371 1097 3415 B

154 3432 394 3500 quotiensqneque
411 3442 440 3499 νς
459 3433 644 3502 quotiensque
663 3441 713 3485 Mo
801 3437 833 3484 17
856 3432 936 3485 nulla
954 3439 1171 3501 praecesserunt

153 3503 253 3557 merila
272 3502 394 3557 convitia
411 3504 571 3558 inciderunt
584 3513 626 3570 Μ;
644 3502 725 3557 irrita
743 3502 844 3555 merita
860 3503 1022 3557 ceciderunt
1041 3503 1106 3572 (ἧς
1126 3506 1171 3561 in-

153 3574 237 3628 utilia
254 3594 290 3628 m.
307 3591 328 3628 c.
346 3574 407 3629 Obr.
480 3575 604 3630 efficient
621 3584 690 3628 Bw
