2430 3952
432 203 666 259 DECLAMATIO
685 205 837 258 x1i-1e.
1077 205 1143 270 205

131 376 203 433 tuac
226 373 383 447 succurrit,
406 373 533 448 ideoque
556 376 646 448 putas
668 394 728 433 non
751 374 851 433 venire
874 374 973 447 illum,
997 374 1067 448 quia
1090 393 1143 434 nec

132 465 202 521 ante
224 462 375 536 veniebat,
399 465 470 537 quia
492 481 546 521 nec
572 463 685 521 factum
711 464 756 522 est
782 462 910 538 aliquid,
937 463 1049 539 inquo
1074 482 1142 521 avo-

133 547 260 610 careris.'
307 551 363 609 hoc
385 551 450 627 ipso
473 551 581 626 incipit
602 553 698 609 mater
721 552 777 610 sibi
804 552 960 627 gratulari.
1007 547 1061 611 ‘ita
1084 571 1143 611 non

132 635 271 714 tenetur'‚
297 640 396 715 inquit
422 640 488 715 ille,
512 635 582 698 ‘non
609 641 762 715 premitur,
784 641 866 699 nullo
890 640 1032 714 carmine,
1060 641 1142 698 nullo

107 730 262 792 sinclusus
286 731 331 787 est
353 724 452 787 ferru’
494 732 642 787 removete
666 748 736 806 ergo
760 729 867 804 omnia,
891 731 922 787 et
943 729 1142 806 interrogabo.

134 836 188 894 ego
212 820 311 875 autem
335 818 478 876 scelerata
501 820 564 875 tam
588 818 646 876 cito
670 817 790 892 credidi,
812 819 857 876 ita
879 837 938 876 non
962 819 1012 876 ille
1036 818 1074 876 ad
1096 837 1143 876 me

133 908 248 965 veniret
274 907 387 965 solutus
412 909 441 964 et
467 905 564 963 liber?
589 925 649 965 non
673 906 711 964 ad
733 906 786 965 hos
810 907 924 980 oculos,
946 926 1006 965 non
1029 906 1067 963 ad
1089 906 1143 965 hos

132 997 306 1070 properaret
328 993 500 1070 amplexus?
538 995 657 1070 quando
681 996 759 1053 enim
782 1015 828 1053 me
855 996 970 1053 iuvenis
998 997 1062 1071 ipse
1085 995 1143 1053 nisi

132 1085 265 1158 flantem,
288 1084 405 1160 quando
429 1103 488 1143 non
512 1084 636 1142 lividum
658 1088 760 1159 pectus
784 1087 815 1142 et
837 1086 1048 1160 sanguinantes
1067 1084 1144 1142 vidit

92 1197 118 1237 ro
131 1170 279 1232 lacertos?
303 1172 420 1247 quando
439 1191 499 1232 non
517 1173 637 1231 erubuit
654 1174 744 1232 matri
763 1173 865 1232 fecisse
884 1171 1047 1232 terrorem?
1080 1175 1142 1231 arte

130 1261 263 1320 cluditur
285 1263 383 1335 miser,
411 1264 475 1319 arte
497 1261 650 1320 retinetur.
697 1262 836 1336 quidvis
860 1262 991 1320 carmina
1015 1263 1143 1337 amplius

130 1351 189 1410 tibi
206 1348 379 1426 praestent?
401 1350 560 1408 effecerunt
578 1350 658 1425 quod
675 1353 913 1424 repromiserunt.
950 1350 1059 1409 desinis
1078 1370 1142 1409 eru·

130 1440 249 1499 bescere
271 1440 332 1498 iam
355 1439 435 1515 quod
456 1438 551 1496 filium
573 1458 632 1497 non
654 1436 758 1498 vides?

199 1527 242 1586 At
263 1530 312 1603 tu,
335 1528 419 1587 ouius
442 1527 474 1586 in
496 1528 577 1604 leges
600 1527 631 1585 di
654 1528 752 1603 superi
775 1545 935 1602 manesque
958 1530 1143 1602 torquentur,
1158 1526 1196 1582 1a

92 1640 119 1680 15
134 1619 186 1693 qui
213 1620 357 1675 nocturno
382 1616 525 1675 terribilis
552 1617 670 1674 ululatu
696 1616 877 1692 profundum
904 1634 1007 1691 specus
1032 1617 1144 1674 etima

133 1709 279 1764 terrarum
308 1724 423 1780 moves,
450 1706 536 1764 modo
565 1706 756 1764 servientium
784 1697 938 1764 revocator
967 1705 1144 1780 animarum,

133 1815 211 1855 nunc
229 1795 308 1853 idem
327 1795 453 1854 crudelis
472 1798 503 1853 et
519 1793 708 1853 inexorabilis
728 1797 835 1867 custos,
860 1793 1019 1868 aliquando
1042 1811 1143 1868 preces

134 1886 165 1942 et
190 1885 295 1943 matris
324 1884 455 1942 admitte.
501 1885 648 1959 paciscere
678 1883 870 1959 quantilibet,
902 1885 982 1941 totos
1014 1882 1144 1959 lugentis

133 1990 220 2049 posce
253 1991 370 2047 census,
402 1993 462 2032 non
489 1976 523 2030 ut
554 1972 670 2030 labores
701 1990 755 2030 nec
781 1974 816 2030 ut
842 1971 995 2030 horridum
1027 1990 1143 2030 carmen

94 2085 120 2124 ao
134 2079 281 2135 exerceas,
308 2061 360 2120 sed
387 2065 421 2119 ut
447 2062 558 2119 ferrum
584 2065 670 2119 tuum
696 2060 816 2138 religas,
843 2063 878 2118 ut
904 2061 994 2118 verba
1020 2062 1075 2118 tua
1098 2080 1144 2119 re-

134 2151 240 2225 solvas,
263 2154 298 2208 ut
320 2150 396 2208 nihil
419 2150 531 2225 feceris,
554 2149 671 2208 dimitte
689 2152 816 2224 tantum,
840 2152 870 2207 et
889 2150 1026 2208 evocasti.
1068 2149 1144 2207 nihil

133 2242 197 2314 ipsc
224 2239 394 2298 crudeliter:
422 2239 515 2314 patri,
543 2239 617 2313 scic,
644 2240 785 2314 paruisti,
812 2238 863 2296 sed
887 2241 916 2297 et
942 2239 1030 2297 huius
1054 2241 1145 2297 etiam

133 2328 276 2402 lacrimis,
307 2328 478 2402 planctibus
509 2329 597 2387 huius
628 2327 763 2404 indulge,
794 2328 912 2386 consule
940 2327 1037 2385 famae
1065 2329 1143 2384 tuae.

134 2417 327 2476 execrabilem
353 2420 397 2491 te,
429 2436 528 2493 mage,
560 2417 651 2475 facies
679 2419 709 2475 et
735 2416 877 2490 invisum,
909 2417 934 2474 si
961 2415 1080 2500 facilius
1108 2415 1144 2473 de

93 2529 120 2570 25
134 2505 195 2565 filio
215 2507 353 2580 exoraris,
371 2510 406 2564 ut
423 2506 565 2564 includas.
607 2523 661 2563 nec
678 2508 721 2580 tu,
743 2506 859 2579 marite,
877 2523 930 2562 nec
949 2507 983 2562 tu
1001 2505 1144 2578 timueris,

134 2614 171 2652 ne
198 2595 315 2653 ultricis
341 2595 464 2653 umbrae
491 2597 575 2653 vanis
604 2594 752 2671 exagitere
778 2592 952 2666 terroribuS,
979 2592 1048 2650 ullis
1072 2593 1144 2650 ima-

122 2684 265 2761 ginibus:
291 2684 363 2742 huic
386 2702 488 2743 secura
511 2683 631 2741 dabitur
654 2685 751 2758 quies,
779 2683 834 2741 scit
860 2681 898 2739 ad
922 2699 1011 2755 quam
1039 2680 1145 2739 debeat

134 2772 234 2831 venire
253 2773 400 2831 dimissus.
438 2767 565 2831 ‘iuvenis
583 2772 723 2847 piissime,
746 2772 861 2829 iuvenis
879 2769 1145 2846 indulgentissime,

134 2881 287 2937 nunquam
304 2863 394 2920 matri
416 2864 487 2920 tuae
505 2861 610 2919 umbra
627 2879 681 2919 neo
699 2878 810 2934 mance,
833 2860 859 2918 si
878 2859 965 2918 modo
984 2858 1146 2918 veneficum

206 3089 221 3137 9
242 3066 423 3154 sanguinantes
441 3093 469 3136 Β
558 3089 592 3137 10
609 3084 700 3136 mater
719 3096 733 3147 β
819 3088 851 3135 15
871 3097 984 3149 specus:
1003 3082 1101 3149 pectus
1120 3090 1148 3133 Β

137 3161 169 3208 18
192 3154 401 3223 quantumlibet
422 3165 446 3208 1
533 3156 670 3223 poscentis
695 3153 818 3223 lugentis
840 3161 881 3221 M3
906 3153 1035 3221 lugentes
1053 3162 1078 3205 J

137 3232 169 3280 19
188 3242 283 3295 posce:
302 3240 417 3294 posses
476 3231 509 3279 20
528 3225 647 3296 ὶθῆςξῆε
666 3235 698 3279 Β
754 3229 785 3277 21
807 3224 905 3277 dimite
928 3233 949 3275 V
999 3229 1032 3275 22
1052 3222 1144 3275 sed-

135 3297 248 3351 consule
267 3299 283 3351 l.
298 3301 335 3352 23
353 3314 403 3352 cm.
417 3308 450 3364 Β,
469 3296 533 3352 cdd.
547 3298 579 3350 iu
597 3314 682 3368 marg.
696 3318 717 3357 p
771 3301 805 3348 25
824 3312 875 3348 nec
888 3296 949 3348 tum
962 3295 1081 3347 maritae
1095 3309 1147 3347 neo

134 3404 261 3458 timueris
279 3414 307 3457 Β
396 3410 429 3456 26
448 3402 583 3474 umbrae}
605 3412 626 3454 V
707 3368 834 3472 exagitdi
854 3411 875 3453 V
955 3400 1041 3453 nullis
1063 3410 1093 3466 1¹3
1112 3416 1148 3454 ne

134 3511 201 3564 ullis
220 3525 247 3578 e,
265 3510 387 3579 ullisque
401 3520 433 3564 Β
480 3475 638 3579 imaginil>u
652 3520 680 3563 Β
737 3515 769 3562 27
789 3525 886 3578 quam:
906 3472 968 3579 ἕω
982 3523 1056 3576 supr.
1066 3507 1150 3576 m)11

136 3587 170 3636 28
189 3582 324 3635 demissus
347 3592 368 3635 V
436 3587 469 3635 29
489 3581 655 3635 beneficium
675 3590 701 3634 Β
