2430 3952
148 209 213 273 386
427 205 619 262 EXCERPTA
636 206 880 262 MONAOENSIA.

149 379 281 438 siderans
303 379 505 436 innocentiam
528 395 621 451 suam,
646 378 726 436 inter
741 378 820 435 ‘haec
843 377 1002 434 lacrimans
1020 375 1171 454 ingemui.

148 468 280 527 lacrimis
308 485 377 544 ergo
406 468 480 525 meis
514 468 544 525 et
570 466 684 543 gemitu
717 466 803 541 pater
832 465 991 540 perductus
1026 467 1171 540 intravit,

148 555 414 633 interrogantique,
433 573 500 613 cum
517 557 645 613 nesciret
663 555 735 630 quid
753 557 837 629 esset,
861 553 1018 631 attingere
1037 572 1172 630 possem,

149 647 212 705 sine
235 663 318 703 mora
344 644 497 719 respondi,
527 646 556 702 et
582 662 629 701 me
654 645 732 702 mori
754 643 843 716 velle,
871 646 902 701 et
924 661 1073 701 venenum
1105 663 1171 704 esse

149 734 229 811 quod
251 734 409 793 terebatur.
456 734 541 791 stetit
562 732 738 808 intrepidus,
756 764 800 773 —
818 732 917 807 inquit
936 724 981 812 (p.
1002 734 1079 801 307,
1102 725 1171 814 12).
1196 754 1206 794 ε

149 827 184 882 tu
206 823 281 881 mihi
303 821 395 882 obicis
423 822 503 897 quod
529 825 646 896 patrem
669 821 801 880 occidere
828 821 935 879 vollem
963 823 1049 879 etin
1077 821 1172 882 huius

149 911 355 988 probationem
384 909 506 969 adducis
534 910 646 984 dicens,
673 909 752 986 quod
774 911 830 968 hoc
858 928 962 968 verum
989 911 1043 983 sit,
1072 914 1173 986 patet,

151 1004 222 1076 quia
250 1000 386 1058 abdicare
413 999 502 1057 volui.
549 999 600 1058 scd
629 1001 661 1057 in
688 1000 744 1057 hoc
770 998 919 1074 prioribus
946 998 1101 1058 iudicibus
1126 1003 1173 1058 in-

150 1089 262 1149 vidiam
276 1089 350 1148 facis
370 1107 496 1163 quorum
515 1088 662 1147 sententia
677 1088 713 1147 ab
733 1089 919 1147 accusatione
937 1089 992 1145 tua
1011 1087 1172 1148 absolutus

149 1180 201 1240 fui.
248 1180 278 1236 et
300 1178 522 1253 iniquissimum
544 1179 601 1252 est,
624 1179 659 1235 ut
674 1178 899 1235 —tractantur
929 1168 974 1256 (p.
999 1179 1076 1246 307,
1101 1174 1172 1260 20).
1186 1199 1208 1239 ιο

151 1268 202 1327 sed
224 1269 354 1326 tractata
378 1270 460 1339 sunt,
483 1269 514 1324 et
536 1265 612 1324 liber
635 1268 769 1341 apparui.
815 1266 931 1324 felicior
944 1298 988 1306 —
1002 1268 1174 1326 restituunt

152 1350 198 1437 (p.
224 1359 298 1424 307,
321 1346 392 1435 23),
420 1354 491 1412 licet
526 1356 661 1430 quamvis
688 1355 866 1430 proclames:
895 1373 982 1429 saepe
1013 1354 1115 1414 detuli
1130 1389 1174 1396 —

152 1445 293 1505 obieceris
325 1435 369 1525 (p
393 1445 467 1513 308,
489 1436 556 1524 21).
609 1443 697 1502 fidem
727 1463 786 1502 non
821 1445 903 1519 capit
923 1475 966 1484 —
985 1445 1174 1520 parricidam

152 1525 378 1615 (p.309,13).
421 1532 472 1591 sed
500 1533 572 1592 dicis
599 1532 755 1609 parricidii
782 1535 991 1609 argumentum
1018 1537 1067 1592 est
1091 1535 1176 1611 quod

151 1624 285 1682 habuisti
301 1641 454 1681 venenum.
483 1622 535 1681 sed
552 1641 704 1698 nunquam
722 1621 869 1680 iudicabis
883 1621 1031 1680 latronem
1050 1640 1174 1683 omnem
1187 1642 1207 1683 c

153 1714 205 1788 qui
219 1711 352 1789 gladium
365 1711 463 1769 habet.
495 1711 646 1788 peregrini
655 1706 758 1786 utique
768 1711 890 1770 solliciti
899 1709 1034 1788 gladium
1048 1711 1174 1786 habent,

153 1804 183 1860 et
201 1801 309 1879 gladiis
329 1793 497 1878 som[p]nos
511 1801 660 1859 munimus
676 1801 823 1858 timentes.
860 1799 938 1858 unde
952 1800 1032 1876 leges
1051 1797 1173 1880 hae<c>

153 1910 212 1949 non
235 1888 405 1965 prohibent,
433 1889 484 1947 sed
506 1890 613 1948 horum
640 1889 772 1948 abusum.
819 1891 860 1947 sic
888 1907 942 1965 ego
965 1888 997 1946 in
1019 1892 1173 1966 prosperi·

153 1982 216 2038 tate
239 1997 306 2035 mea
328 1997 474 2036 venenum
493 1996 677 2052 paraveram,
702 1978 739 2036 ad
764 1977 843 2051 quod
860 1996 976 2053 possem
1000 1979 1175 2057 confugere,

155 2069 180 2125 si
203 2066 278 2124 mihi
304 2067 509 2140 superveniret
536 2085 620 2125 casus
643 2069 785 2140 incertuS,
814 2067 839 2126 si
863 2066 959 2141 dolor,
983 2068 1008 2123 si
1032 2067 1174 2146 languor,
1187 2087 1208 2127 a

100 2212 112 2223 ,
155 2157 180 2214 si
203 2156 364 2229 improvisa
388 2153 534 2212 debilitas.
579 2157 730 2213 miramini
754 2155 832 2231 quod
850 2155 905 2214 hoc
927 2155 1059 2231 fecerim,
1082 2157 1175 2217 homo

156 2246 208 2319 qui
229 2246 277 2301 tot
295 2244 479 2301 calamitates
502 2246 534 2301 et
555 2243 717 2303 dolationes
740 2246 876 2304 sustinui.
918 2244 969 2303 sed
992 2243 1088 2304 dices:
1114 2267 1175 2306 non

156 2335 201 2391 est
231 2331 382 2407 credibile,
414 2334 449 2389 ut
477 2333 553 2390 mori
579 2333 708 2392 volueris
732 2334 885 2393 absolutus
914 2334 964 2408 qui
997 2353 1066 2393 rcus
1096 2339 1176 2395 mori

156 2422 288 2480 noluisti.
326 2421 377 2480 sed
397 2421 467 2495 viri,
491 2421 561 2479 dum
580 2440 737 2497 sperarem,
760 2427 794 2480 ut
817 2423 956 2480 lacrimae
975 2441 1059 2481 meae
1083 2428 1175 2485 mise·

155 2513 276 2586 riaeque
290 2512 464 2587 mitigarent
477 2510 714 2588 indignationem
728 2514 818 2569 tuam.
848 2511 909 2569 vixi
919 2513 1018 2585 otiam,
1033 2531 1071 2570 ne
1087 2533 1174 2573 accu-
1187 2532 1208 2572 25

156 2601 267 2660 sationi
288 2599 404 2658 viderer
427 2599 537 2673 cedere,
560 2603 590 2657 ct
612 2618 649 2657 ne
672 2618 761 2676 super
784 2599 910 2658 cadaver
932 2619 1031 2658 meum
1055 2605 1175 2677 procla-

156 2709 251 2748 mares
276 2692 305 2748 et
327 2687 451 2757 diceres:
474 2691 580 2746 merito
603 2689 700 2763 timui,
722 2689 829 2747 merito
851 2688 985 2764 praedixi
1008 2708 1175 2751 venenum:

158 2781 209 2853 qui
232 2778 352 2836 vivendi
374 2797 434 2835 non
451 2776 581 2836 habebat
600 2777 761 2836 audaciam.
808 2780 1029 2836 verumtamen
1053 2779 1117 2840 tibi
1140 2782 1175 2841 de

156 2868 346 2942 impatientia
371 2885 437 2924 mea
462 2866 617 2925 fatendum
641 2870 692 2926 est.
739 2867 842 2925 eadem
861 2869 960 2925 mente
979 2867 1064 2926 volui
1086 2875 1176 2946 mori,

159 2975 224 3014 cum
248 2956 413 3029 abdicares,
442 2974 501 3030 qua
523 2974 583 3014 non
605 2955 680 3031 bibi,
710 2975 777 3014 cum
800 2955 922 3014 iuberes
969 2955 1020 3014 sed
1045 2963 1211 3034 quaeriue

159 3046 183 3104 si
206 3046 282 3103 mori
304 3044 440 3117 voluisti,
468 3063 520 3102 cur
545 3046 733 3120 potissimum
757 3064 870 3104 veneno
897 3050 944 3103 etc.
969 3037 1012 3125 (p.
1032 3048 1112 3117 314,
1133 3042 1177 3131 7),

219 3153 252 3206 p.
272 3136 345 3202 314,
363 3134 408 3192 25
430 3133 527 3191 nullos
558 3133 595 3191 ab
625 3134 709 3192 aditu
733 3135 804 3208 loci,
831 3135 862 3191 in
887 3153 944 3209 quc
969 3153 1061 3210 eram,
1083 3158 1174 3213 praa

159 3242 236 3297 pono
260 3223 403 3282 custodes.

221 3329 253 3383 p.
273 3312 347 3380 315,
372 3314 414 3370 12
441 3310 601 3386 aliquando
632 3314 735 3370 tenens
766 3314 798 3369 in
830 3313 907 3372 collo
938 3313 1083 3387 laqueum
1116 3336 1177 3376 non

159 3403 292 3458 mortuus
316 3402 368 3458 est.
1153 3458 1165 3467 ..
1189 3421 1214 3465 ss

221 3507 253 3561 p.
274 3489 348 3556 315,
364 3490 425 3546 18.
442 3534 447 3547 ,
464 3491 630 3563 pereuntis
645 3489 760 3548 affectu.
798 3492 943 3548 secretum
957 3489 1065 3552 domus
1080 3493 1178 3576 aloga-

160 3597 239 3652 ram,
272 3580 343 3653 quia
374 3578 553 3636 naturaliter
582 3596 660 3636 mors
691 3579 762 3637 talis
796 3578 938 3654 pudorem
967 3579 1070 3642 habet.
1125 3586 1178 3663 qui
