2430 3952
142 174 208 238 272
533 171 608 227 ODII
626 171 732 226 ΡΟΤΙΟ
751 173 764 226 Ι

141 342 277 420 invigilo,
296 360 350 400 nee
364 341 466 400 efferas
481 341 659 416 cupiditates
677 360 731 418 per
748 342 879 401 inlioitos
893 341 967 400 duoo
987 342 1158 416 oonplexua

143 432 280 489 inventas
308 430 394 491 oredo
421 432 602 504 meretrices,
635 431 670 488 ut
701 434 778 489 esset
804 430 918 505 aliquid
946 430 1026 506 quod
1055 431 1160 490 liceret

143 539 244 578 amare
271 520 460 602 pauperibus.
505 520 619 578 nullam
642 539 696 597 ego
724 521 803 579 oiroa
825 538 950 595 eorpora
976 520 1037 579 ista
1064 520 1159 580 eonsi-

143 611 222 668 store
249 609 458 684 inpatientiam
487 611 568 685 puto.
615 608 783 686 diliguntur
811 609 958 667 inmodioe
988 609 1054 667 sola
1084 626 1160 684 qnae

144 717 205 756 non
226 699 325 756 licent.
363 701 397 756 ut
413 699 446 756 in
464 697 594 757 furorem
613 698 723 756 caritas
742 697 844 773 aliqua
862 699 1061 772 oonvaleseat,
1086 715 1160 774 opus
1183 718 1193 757 o

144 789 190 846 est
209 786 443 846 difficultatibus.
480 786 577 845 brevis
601 787 637 845 de
655 787 808 860 concessio,
831 786 882 846 sed
900 787 1003 846 statim
1022 788 1161 846 satietati

115 906 119 911 -
145 877 259 935 vicinus
283 875 416 935 adfectus
439 878 491 935 est.
529 894 589 935 non
611 875 702 950 fovet,
727 894 787 934 non
809 877 908 934 nutrit
930 876 1069 935 ardorem
1093 895 1160 935 oon-

144 964 328 1041 oupisoendi‚
359 964 412 1023 ubi
442 965 505 1022 frui
535 965 613 1023 lieet.
660 967 690 1023 et
722 983 914 1039 quaeeunque
945 966 977 1021 in
1009 965 1162 1024 mentibus

144 1055 224 1112 eirea
251 1054 394 1129 permissa
421 1054 603 1126 ooalesount,
630 1073 690 1112 non
717 1056 787 1112 suut
814 1053 951 1112 desiderii
978 1052 1030 1112 sed
1053 1055 1161 1112 volun-

145 1144 226 1201 tatis.
263 1143 319 1200 hoo
341 1144 439 1218 ipsum
461 1142 527 1216 tibi,
549 1143 665 1217 mulier,
689 1142 784 1201 obioio
808 1142 888 1217 quod
909 1161 963 1201 nos
985 1143 1018 1199 in
1040 1142 1162 1202 fabulas
1174 1163 1196 1203 no

145 1249 351 1307 sermonesque
373 1231 490 1291 misisti.
528 1232 607 1291 solus
630 1231 717 1290 debet
741 1250 840 1290 amare
862 1233 1047 1290 meretricem
1073 1251 1162 1307 quem

146 1321 286 1379 meretrix
309 1320 412 1379 oderit.
448 1322 574 1396 pauperi
597 1320 679 1379 dedit
702 1319 764 1378 odii
785 1321 944 1396 potionem.
978 1320 1050 1394 quid
1075 1321 1162 1380 illam

109 1465 111 1470 .
147 1410 261 1485 putatis
294 1409 408 1468 dedisse
441 1407 606 1468 divitibus?
652 1411 678 1469 si
708 1409 888 1467 mehercules
920 1411 1042 1485 repente
1076 1409 1162 1468 nobis

146 1499 353 1575 contingerent
380 1517 462 1575 opes,
489 1499 599 1557 iterum
626 1517 679 1558 nos
706 1499 738 1555 in
766 1499 814 1557 sui
839 1499 994 1556 caritatem
1019 1499 1082 1556 alia
1110 1517 1161 1574 po-

146 1589 229 1646 tione
242 1590 402 1661 revooaret,
417 1590 448 1646 et
464 1590 525 1647 ista
541 1607 620 1646 nuno
638 1587 723 1661 seria,
742 1589 851 1664 gravis,
870 1587 961 1645 vellet
978 1588 1163 1663 inpatientia
1176 1607 1199 1648 15

147 1678 247 1753 priore
268 1678 403 1736 retinere.
449 1679 589 1736 meretrix
611 1695 772 1753 pauperem
795 1677 957 1734 amatorem
981 1679 1107 1751 propter
1131 1696 1162 1736 se

85 1779 121 1848 Β
147 1768 267 1824 tantum
289 1785 348 1824 uon
370 1769 470 1842 potest
491 1766 564 1842 pati.

216 1848 371 1928 ‘Amanti’‚
398 1856 510 1929 inquit,
534 1848 634 1912 ‘dedi'.
679 1855 734 1912 hoe
758 1856 784 1911 si
805 1853 967 1912 remedium
992 1857 1050 1927 est,
1075 1854 1164 1913 detur

147 1945 261 2002 scienti.
307 1945 405 2018 prime
436 1962 506 2019 pars
538 1944 676 2002 sanitatis
709 1946 765 2016 est,
797 1946 833 2000 ut
864 1942 991 2001 libenter
1022 1944 1162 2019 aoeipiat.

150 2033 222 2105 quin
248 2031 339 2089 immo
363 2049 415 2089 our
437 2052 496 2091 non
523 2034 623 2108 potius
646 2032 735 2090 datur
763 2029 919 2090 amatum?
966 2035 1079 2105 quanto
1104 2053 1163 2090 me·
1178 2053 1202 2092 so

148 2121 220 2192 lius,
249 2123 360 2195 quanto
387 2122 592 2195 providentius
620 2123 650 2178 et
677 2123 790 2179 minore
817 2120 944 2179 bibentis
969 2121 1071 2179 dolore
1096 2140 1164 2181 eon·

150 2209 255 2282 stabit,
283 2212 318 2267 ut
345 2209 440 2268 adhue
468 2210 617 2269 labentem
644 2209 826 2286 adgrediaris
855 2209 999 2282 animum,
1033 2213 1068 2267 ut
1098 2213 1166 2269 tum

151 2297 346 2374 adulescentis
365 2298 478 2358 ardoris
502 2301 630 2374 impetus
651 2301 683 2356 in
705 2300 806 2373 parvis
826 2301 1018 2376 extinguatur
1036 2299 1166 2358 elemen-

149 2384 210 2445 tis?
256 2405 289 2444 eo
317 2389 450 2463 tempore
479 2389 531 2447 das
558 2390 711 2464 potionem
739 2407 797 2462 quo
824 2389 938 2462 puriter
966 2387 1039 2446 duos
1062 2391 1167 2464 patiar

151 2476 290 2535 adfectus.
345 2476 435 2533 aliam
466 2479 677 2553 inpatientiam
708 2495 809 2552 paras,
842 2479 872 2534 et
904 2478 1017 2552 accipio
1050 2477 1165 2552 odium,
1179 2497 1202 2537 ss

152 2567 222 2641 quia
244 2566 306 2623 iam
324 2585 455 2624 amorem
474 2567 550 2624 ferre
570 2586 629 2624 nou
647 2583 774 2641 possum.
812 2584 870 2623 non
892 2565 1002 2638 desino,
1026 2566 1077 2624 sed
1103 2585 1166 2626 esse

113 2658 133 2712 a
153 2654 235 2712 aliud
257 2655 377 2729 incipio,
402 2673 455 2713 nec
479 2656 618 2714 emendor
639 2656 670 2711 in
696 2674 803 2727 amore,
827 2653 878 2712 sed
901 2653 1072 2713 transferor.
1112 2656 1167 2714 illa

151 2762 220 2802 vero
242 2746 311 2801 sunt
329 2745 458 2802 remedia
477 2763 552 2820 quae
572 2745 684 2821 fugatis
707 2743 817 2802 morbis
837 2745 991 2818 causisque
1010 2743 1167 2821 languoris

151 2835 254 2907 postea
277 2851 336 2890 non
359 2835 536 2906 sentiuntur,
565 2835 595 2891 et
618 2851 653 2890 ea
675 2834 794 2889 tantum
819 2833 992 2890 iunocenter
1014 2832 1168 2892 dabuntur

151 2939 227 2994 quae
254 2924 405 2996 potentiae
434 2941 503 2980 suae
532 2922 678 2996 qualitate
711 2923 886 2996 consumpta
913 2921 1065 2995 desinunt,
1100 2941 1168 2981 oum
1182 2944 1208 2983 so

225 3132 238 3179 1
259 3125 358 3178 efferas
377 3143 410 3179 ex
428 3125 530 3179 effosas
548 3136 576 3178 Β
646 3132 661 3178 2
680 3124 808 3179 inventus
827 3135 855 3177 Β
926 3132 941 3179 6
960 3125 1053 3179 brevis
1072 3125 1169 3182 decori

85 3242 88 3247 ,
153 3212 249 3249 sensus
269 3197 292 3248 si
307 3197 404 3250 statim
423 3198 596 3252 Per.15103
651 3195 818 3250 societatis·
870 3202 902 3249 13
922 3199 1022 3266 repent
1036 3205 1064 3249 Β
1079 3215 1169 3268 supro

153 3269 254 3320 lineam
271 3268 334 3321 inae
353 3269 451 3321 addo
524 3274 557 3322 14
576 3268 691 3338 potione
709 3283 742 3320 ee
760 3283 817 3318 -em
835 3275 862 3318 Β
935 3274 966 3321 17
986 3269 1068 3337 potes
1087 3278 1117 3322 Β

155 3344 187 3391 18
207 3340 309 3392 amasti
323 3341 346 3407 (s
360 3341 477 3394 inseruit
491 3342 518 3409 o)
532 3349 559 3392 Β
612 3339 636 3391 si
655 3354 704 3391 om.
717 3345 753 3402 Β,
768 3337 831 3389 add.
842 3358 873 3388 m
929 3344 962 3391 20
982 3339 1032 3406 qui
1045 3339 1134 3395 immo
1144 3350 1171 3393 Β

153 3415 186 3462 21
206 3409 307 3463 minori
326 3410 346 3479 (i
361 3411 475 3465 alterum
489 3413 520 3465 ia
534 3428 602 3474 ras.;
622 3426 655 3462 ere
674 3423 690 3461 a
708 3406 779 3474 ,2)1ι
830 3405 945 3462 libentis
965 3422 985 3461 o
1037 3416 1072 3464 22
1091 3411 1170 3466 adhu

154 3490 182 3534 Β
234 3498 296 3534 oum
314 3491 374 3547 Β1’;
393 3483 488 3536 tamen
508 3496 534 3548 β;
554 3498 604 3535 om.
620 3492 640 3532 o
709 3481 742 3529 23
762 3474 893 3544 impletus
910 3488 937 3531 Β
1000 3482 1171 3552 extinguan-

153 3554 200 3606 tur
219 3564 239 3603 o
308 3557 342 3605 24
361 3553 435 3621 quod
454 3563 482 3605 Β
552 3556 586 3604 28
604 3559 704 3602 veras
774 3546 931 3615 languoris:
951 3569 970 3603 u
989 3553 1073 3606 delo
