2430 3952
385 225 620 283 DEOLAMATIO
639 227 665 280 X
679 232 757 282 6-8.
1011 229 1075 294 195

129 394 172 454 At
194 414 270 470 quae
298 395 446 473 supplicia
474 397 616 456 sustinuit
640 397 743 455 infelix
766 395 820 455 illa
842 399 946 456 statim
968 396 1075 457 nocte?

62 486 124 543 iam
146 487 242 544 totam
264 485 384 543 domum
407 503 442 544 ac
465 486 611 544 familiam
634 486 717 561 quies
739 486 838 561 prima
861 486 1019 561 sopiverat,
1045 490 1075 546 et

62 573 231 633 tacentibus
262 574 391 634 tenebris
422 577 546 634 venerat
581 577 698 650 tempus
734 574 939 633 dulcissimum
974 577 1074 634 matri.

62 662 180 721 iacebat
200 662 273 721 haec
295 662 446 738 insomnis,
468 663 613 739 inquieta,
636 683 703 722 cum
725 662 848 722 diceret:
877 659 948 721 ‘iam
971 665 1074 723 statim

36 752 233 828 capparebit,
265 752 325 810 iam
357 753 460 811 statim
491 754 602 811 veniet:
634 771 797 828 numquam
827 754 928 811 tamen
959 754 1074 813 tardius

63 842 154 899 venit.
190 842 329 899 miseram
348 861 403 916 me,
425 841 477 916 fili,
499 842 635 917 proxima
653 842 739 900 nocte
761 842 823 899 iam
841 860 972 901 veneras.
1010 862 1074 901 ecce

63 931 125 988 iam
152 929 264 988 medios
293 930 390 987 sidera
416 932 520 989 tenent
549 947 665 1005 cursus3
696 930 843 1008 indignor,
874 931 998 990 irascor:
1030 934 1075 990 ita

64 1019 182 1077 demum
203 1018 278 1077 mihi
300 1019 477 1093 satisfacies,
505 1021 530 1078 si
553 1019 635 1095 apud
657 1021 773 1095 patrem
798 1019 891 1077 fuisti.
936 1020 1074 1078 miseram

63 1127 123 1182 me,
145 1107 207 1165 iam
228 1107 362 1184 maligna
384 1107 511 1166 mundus
534 1107 599 1166 luce
625 1108 768 1167 clarescit.
814 1108 932 1183 quando
955 1107 1074 1168 venies?

22 1197 123 1257 roiam
154 1195 251 1253 redire
283 1192 429 1255 debebas?
475 1199 508 1254 at
538 1200 697 1272 postquam
734 1197 858 1256 alteram
893 1197 1109 1272 tertiamqueS

63 1287 181 1344 noctem
203 1284 320 1343 deserta
342 1285 428 1343 vanis
448 1285 602 1360 questibus
621 1285 714 1360 duxit,
736 1287 802 1344 tum
821 1287 964 1360 tristiora,
988 1287 1075 1364 lugu-

62 1374 142 1448 bria,
169 1375 234 1432 tum
262 1374 416 1449 squalidae
438 1374 534 1451 magis
557 1375 695 1449 placuere
717 1377 826 1449 vestes,
850 1376 918 1432 tum
939 1376 1075 1451 repetitis

62 1463 277 1540 sanguinavere
304 1463 473 1539 planctibus
496 1464 557 1521 iam
580 1465 817 1522 convalescentes
842 1463 954 1522 lacerti.
999 1463 1074 1521 nihil

62 1554 108 1610 est
134 1551 282 1610 infelicius
310 1554 405 1610 matre
434 1570 510 1628 quae
537 1551 669 1628 perdidit
696 1551 808 1627 aliquid
836 1552 868 1609 in
890 1551 967 1626 filio,
993 1556 1074 1627 post-

20 1659 153 1715 requam
176 1641 291 1699 extulit.
338 1660 404 1699 cum
427 1659 497 1700 vero
520 1643 665 1717 comperit
686 1642 787 1699 noctes
810 1659 878 1700 suas
901 1642 1003 1699 iuveni
1024 1661 1073 1699 ne-

62 1728 249 1789 cessitatibus
276 1729 400 1806 magicis
424 1749 459 1788 ex
486 1732 607 1789 cantato
634 1730 745 1806 perisse
772 1730 863 1804 ferro,
891 1749 981 1805 quam
1010 1734 1074 1788 tum

61 1817 117 1876 illa
134 1817 298 1894 praefixum
316 1819 507 1894 clausumque
525 1819 674 1878 tumulum
688 1818 775 1877 nudis
794 1819 900 1878 cecidit
915 1819 1075 1878 uberibus?

62 1925 122 1982 quo
139 1906 211 1965 fletu
225 1907 360 1982 sepulcra
377 1905 530 1984 perfudit?
553 1926 612 1984 quo
630 1910 744 1984 gemitu
762 1907 930 1966 audientem
949 1909 1074 1967 forsitan

62 1997 93 2054 et
109 1997 203 2057 ,exire
236 1997 404 2072 cupientem
435 1997 547 2056 frustra
576 1997 696 2056 vocavit
727 1994 878 2056 animam?
922 2016 939 2056 o
966 2000 1074 2056 natura

18 2083 201 2158 incrudelis,
236 2085 304 2160 plus
339 2104 460 2162 magum
491 2103 577 2162 posse
612 2105 701 2161 quam
736 2086 875 2144 matreml
920 2086 972 2145 ubi
1006 2089 1075 2146 sunt

62 2173 114 2248 qui
142 2173 263 2232 acerbas
289 2174 431 2232 mortium
458 2174 648 2234 necessitates
672 2177 702 2233 et
728 2176 824 2234 ferrea
848 2176 914 2232 iura
941 2176 1074 2235 fatorum

61 2264 92 2321 et
125 2261 251 2321 invictas
288 2281 341 2321 nec
371 2263 434 2322 ullo
466 2282 597 2322 maerore
628 2263 786 2323 mutabiles
822 2263 958 2322 inanium
994 2266 1073 2342 leges

61 2350 261 2426 querebantur
288 2349 480 2410 umbrarum?
520 2351 616 2410 filium
642 2354 728 2410 tuum
754 2353 862 2411 mulier
887 2352 991 2412 infelix
1014 2373 1072 2413 non

60 2440 218 2516 impositae
254 2440 357 2499 inferis
399 2441 511 2500 clusere
551 2443 648 2499 terrae
684 2459 737 2500 nec
777 2443 872 2519 spissa
912 2446 1073 2518 perpetuae

18 2549 46 2591 rs
59 2529 157 2588 noctis
193 2529 289 2607 caligo
331 2531 511 2606 compescuit
550 2549 610 2589 non
650 2529 786 2590 fabulosa
826 2530 945 2589 vatibus
985 2531 1072 2607 palus

59 2618 248 2693 multumque
284 2618 425 2677 celebrati
457 2620 579 2678 curvato
611 2619 679 2695 igne
710 2621 870 2678 torrentes:
903 2619 975 2678 haec
1006 2638 1072 2695 per-

59 2706 193 2781 meabat,
219 2707 292 2766 haec
315 2707 413 2766 omnia
436 2710 522 2766 nocte
549 2709 698 2766 transibat
721 2709 920 2782 levioremque
946 2712 1073 2767 mortem

60 2813 146 2855 suam
181 2796 292 2854 fecerat
328 2815 419 2872 quam
460 2799 486 2855 si
520 2799 758 2874 peregrinaretur
794 2799 824 2854 et
865 2797 987 2856 abesset.
1042 2799 1073 2855 et

133 3053 222 3108 lista
240 3054 340 3108 statlm
357 3065 382 3108 J
434 3054 506 3109 red
524 3050 695 3119 familiam's
754 3054 927 3137 diam-autc
945 3054 1072 3123 proxima

57 3163 152 3286 peracit
173 3170 194 3213 V
244 3163 389 3230 8patrem
407 3178 458 3216 om.
473 3171 511 3228 Μ,
529 3179 603 3231 supr.
618 3183 650 3214 m
703 3145 918 3228 9clarescbt13
972 3166 1004 3215 10
1024 3161 1072 3216 de-

79 3247 128 3286 cas
146 3241 183 3298 Μ,
202 3248 270 3287 corr.
285 3254 317 3285 m
378 3249 411 3286 ac
430 3255 448 3286 a
522 3239 553 3286 11
573 3232 766 3316 quqstionibus
784 3242 864 3286 Bm
926 3238 958 3285 15
977 3233 1071 3287 iuveni

59 3321 151 3376 Desa:
176 3320 285 3374 iuvenis
304 3342 326 3374 ω
400 3326 433 3375 16
456 3323 486 3375 at
507 3323 619 3376 cantato
639 3323 730 3388 Dess.;
753 3321 784 3374 in
807 3323 920 3376 cantato
939 3322 998 3377 Scb.

58 3391 145 3447 forro:
165 3391 268 3446 feretro
288 3404 304 3446 e
384 3409 470 3462 quam
487 3395 548 3447 tum
568 3393 629 3448 Ga:
649 3394 785 3461 quantum
805 3414 827 3445 ω
914 3399 946 3447 17
965 3393 1072 3447 nudum

59 3473 92 3516 r!
143 3463 305 3532 uberim,
322 3463 342 3517 b
360 3475 469 3535 supra
532 3468 565 3518 19
584 3465 707 3520 atoma
770 3469 802 3518 21
822 3462 961 3533 factorum
983 3474 1005 3517 V

59 3539 93 3588 22
112 3533 215 3589 inritos
238 3544 259 3587 v
326 3540 362 3590 24
383 3534 493 3590 inferis:
511 3532 610 3591 infelix
628 3547 649 3589 c
722 3534 881 3600 clauseras
952 3541 987 3589 26
1009 3551 1076 3602 per-

57 3605 194 3661 manebat
211 3615 244 3660 n
312 3611 347 3663 28
365 3622 451 3677 quam
468 3622 520 3663 osc
533 3614 563 3662 1·

649 3672 936 3751 ''rsr
