2430 3952
128 212 193 276 348
424 211 573 267 mullus
591 211 632 266 IN
650 211 808 266 MATREM
825 213 851 266 H

128 383 264 458 captavit
286 400 377 457 quam
401 381 553 439 silentium
577 380 656 456 quod
677 383 830 458 praestare
853 382 917 440 vita
935 401 995 440 nou
1017 386 1154 459 potarat.

130 471 265 547 quisquis
288 469 320 528 in
339 470 496 529 tormentis
520 469 673 547 occiditur,
695 469 763 529 ideo
781 473 879 530 tortus
903 474 957 546 est,
974 473 1009 530 ut
1033 473 1153 532 occide-

128 563 221 619 retur.
268 578 307 618 an
329 561 364 618 tu
389 561 592 634 quaestionem
614 559 699 617 illam
724 560 816 618 fuisse
840 559 934 619 credis
958 561 1058 635 qualis
1083 581 1154 621 ver-

128 648 239 707 nilibus
259 647 429 724 corporibus
449 646 628 707 adhibetur?
668 647 735 707 ideo
759 648 838 706 anim
857 649 971 708 eculeos
989 650 1154 709 movebam

129 737 238 796 artifex
252 756 349 813 senex,
367 736 526 796 tendebam
538 736 674 796 fidiculas
690 739 806 796 ratione
821 738 973 812 saevitiae,
991 741 1026 797 ut
1039 739 1155 799 leviter
1183 760 1197 800 s

129 826 248 886 sedibus
272 828 334 887 suis
357 829 473 884 remota
501 844 645 904 compago
671 845 724 901 por
751 827 883 904 singnos
908 830 990 886 artus
1012 828 1155 888 membra

130 917 254 975 laxaret.
297 916 491 990 consumptus
515 917 561 974 est
590 915 713 990 spiritus
736 916 854 974 silentio
879 917 938 991 sui,
969 920 999 976 et
1022 917 1155 978 verbera

129 1005 273 1082 ignesque
297 1005 431 1063 animum
453 1004 567 1079 pariter
594 1022 756 1079 vocemque
781 1005 941 1066 clusenmt.
985 1005 1156 1066 videbatur

128 1094 204 1153 mihi
226 1113 359 1170 premere
383 1095 524 1171 gemitus,
550 1096 652 1152 tenere
676 1094 819 1168 suspiria,
845 1097 875 1152 et
898 1095 940 1153 sic
963 1094 1038 1152 nihil
1063 1095 1155 1171 dixit,

76 1183 115 1240 18
130 1186 284 1257 tamquam
306 1185 497 1257 torqueretur
519 1181 556 1240 ab
574 1182 693 1240 homine
717 1185 770 1257 qui
793 1183 888 1241 sciret.
933 1183 1053 1242 miraris
1072 1185 1155 1245 hanc
1170 1206 1197 1247 rc

130 1274 162 1330 in
184 1271 247 1331 fflio
278 1271 509 1344 contumaciam,
538 1271 570 1329 in
599 1271 706 1329 iuvene
735 1269 934 1347 patientiam?
978 1275 1061 1348 patri
1087 1276 1154 1332 tor-

132 1360 235 1436 quenti
257 1379 317 1419 non
339 1362 439 1436 potest
467 1360 555 1419 aliter
577 1360 761 1436 responderi,
785 1379 876 1437 quam
898 1363 934 1419 ut
960 1361 1037 1419 mori
1060 1363 1156 1422 malit

132 1469 222 1525 quam
251 1449 393 1508 confiteri.
440 1449 520 1525 quod
552 1449 662 1508 sufficit
690 1449 785 1526 igitur
816 1450 1073 1527 interrogantibus
1104 1472 1153 1511 re-

131 1539 274 1616 spondeo,
304 1539 425 1598 mulier:
456 1538 558 1598 occidi.
603 1538 735 1613 fallitur,
770 1539 905 1614 quisquis
933 1541 1085 1615 expectat,
1117 1545 1155 1600 ut

130 1629 293 1688 obiciemus
321 1628 374 1686 illa
397 1628 578 1687 communia:
607 1645 661 1704 ego
689 1646 760 1686 vero
787 1629 952 1703 proclamo,
979 1647 1040 1686 non
1064 1631 1154 1689 luxu·
1169 1650 1194 1691 rs

129 1717 255 1791 mosum,
285 1737 345 1776 non
368 1735 468 1776 amora
497 1716 659 1775 meretricis
686 1717 842 1790 infamem,
871 1717 948 1775 nihil
974 1718 1025 1776 ille
1055 1718 1154 1778 delin-

132 1807 243 1882 quebat
261 1806 409 1882 quomodo
428 1805 516 1864 liberi
534 1806 638 1864 solent.
679 1808 845 1865 monstrum
866 1809 931 1864 erat
949 1807 1155 1868 inenarrabile

131 1895 211 1972 quod
234 1895 344 1953 nollem
367 1894 594 1971 deprehendere,
619 1894 698 1969 quod
721 1896 798 1953 ferre
821 1913 880 1952 non
903 1913 1028 1970 possem.

197 1985 325 2042 Miratur
348 1983 459 2058 aliquis
488 1984 568 2058 quod
594 2002 654 2042 non
683 1983 882 2042 abdicaverim
911 2003 964 2043 nec
992 1985 1155 2045 notissima

131 2072 246 2131 ultione
270 2075 391 2150 patrum
409 2072 517 2130 fuerim
540 2075 658 2131 tantum
678 2073 825 2147 expulisse
849 2072 1027 2132 contentus?
1069 2078 1155 2150 tuna,
1169 2096 1194 2136 ao

131 2163 252 2234 mulier,
282 2162 428 2235 nefarius,
456 2164 527 2219 tuus
549 2161 734 2220 inconsultus
757 2180 817 2219 non
846 2163 983 2236 permisit
1005 2164 1155 2224 adfectus,

131 2250 225 2308 filium
261 2252 309 2308 cui
342 2253 445 2308 contra
482 2251 670 2309 severitatem
706 2270 803 2308 meam
834 2251 1021 2327 ignoscebas,
1061 2273 1156 2328 quem

131 2359 250 2398 mecum
273 2339 368 2398 odisse
391 2358 452 2397 non
475 2341 602 2415 poteras,
626 2342 728 2399 secuta
751 2341 858 2399 fuisses
882 2340 1062 2400 abdicatum.

199 2429 293 2507 Finge
321 2431 459 2488 iuvenem
486 2427 594 2486 dixisse
622 2429 720 2487 nescio
749 2429 834 2504 quid,
862 2448 917 2506 ego
946 2429 1051 2488 audire
1074 2432 1157 2490 nihil

132 2520 227 2596 potui.
274 2537 334 2576 non
353 2518 432 2574 enim
450 2517 609 2592 potestatis
628 2517 755 2576 alicuius
774 2537 854 2576 more
874 2519 1073 2594 consederam,
1097 2541 1155 2581 nec
1170 2539 1194 2581 ss

131 2607 341 2684 torquentibus
357 2607 425 2665 aliis
440 2606 565 2684 agebam
579 2606 707 2664 iudicem
726 2609 851 2682 patrem.
889 2626 943 2685 ego
955 2611 1029 2665 tunc
1044 2614 1156 2669 cuncta

208 2802 340 2862 lquam:
361 2794 437 2862 quod
451 2803 478 2847 P
530 2774 723 2847 reticeretur
741 2803 770 2847 Β
826 2794 941 2848 4νὶᾱθο
961 2804 988 2847 Β
1047 2799 1157 2852 barti-

133 2865 179 2918 fex
198 2883 247 2920 om.
268 2875 306 2933 P,
326 2864 451 2919 carnifex
469 2864 529 2919 Sela
621 2869 636 2917 ὅ
655 2865 787 2919 tenebam
806 2875 878 2933 Bao,
896 2865 998 2920 tenebo
1019 2876 1061 2936 M,
1081 2886 1156 2925 corr.

39 3034 46 3053 ,
136 2989 183 3044 Gr.
276 2991 355 3044 test
373 3002 458 3053 oms
546 2954 694 3073 veteres
782 2991 978 3060 8pariterque
996 3000 1035 3058 M,
1054 3009 1158 3048 vocem

132 3131 208 3182 supr.
227 3135 258 3166 m
345 3120 377 3168 10
397 3112 460 3183 quit
479 3123 507 3167 Β
591 3121 623 3168 11
643 3080 742 3169 iridens
760 3123 789 3167 Β
877 3122 909 3169 12
928 3116 1100 3184 respondere
1121 3129 1157 3186 Β,

133 3221 207 3273 -ria
274 3221 368 3275 mauu
387 3230 429 3288 nu
447 3221 546 3275 manes
563 3231 587 3274 s
654 3227 686 3274 13
707 3186 750 3285 qd
769 3220 886 3290 (osup.
901 3227 942 3293 „q
957 3232 989 3277 u
1056 3230 1091 3278 ra
1113 3227 1158 3280 rn-

133 3344 210 3428 famo
224 3354 256 3399 M
326 3351 360 3399 20
379 3345 508 3400 affuerim
528 3368 546 3398 α
564 3345 607 3416 (af
622 3363 657 3400 er.
673 3347 713 3415 M)
786 3351 819 3397 24
839 3312 957 3417 di{isses
975 3329 1071 3402 nescio
1092 3361 1124 3404 Β

134 3416 319 3540 Π1ἓ11(εωρν.
338 3472 379 3541 m)
396 3481 427 3524 M
479 3477 513 3524 25
533 3469 705 3524 concideram
720 3477 754 3535 Β,
774 3469 809 3522 ab
824 3482 932 3539 supro
988 3478 1021 3525 26
1040 3476 1160 3543 patrem

173 3527 191 3540 d

123 3597 215 3662 pater
232 3617 251 3648 a
327 3600 359 3648 26
376 3559 476 3650 ildddta
495 3598 521 3664 (v
539 3610 573 3647 ece
591 3595 618 3661 a)
638 3601 676 3660 153
694 3596 754 3646 tam
773 3604 811 3662 M,
830 3596 874 3648 vel
892 3599 960 3651 tunc
979 3614 1054 3665 supr.
1074 3621 1111 3654 m
