2430 3952
369 220 674 278 DEOLAMATIONIIS
693 221 839 276 VI—VIII.
1048 219 1113 284 365

96 389 160 449 vidi
181 389 277 448 filium
299 408 399 449 meum
420 391 480 449 mei
504 409 594 450 causa
621 389 760 450 occidere.
802 392 894 450 variis
917 409 964 449 me
987 388 1115 467 affligite
1179 425 1181 429 ,

95 481 251 540 tormentis
274 481 305 538 et
327 479 439 553 videte,
466 480 639 538 siverbum
660 480 839 539 mutavero„
866 498 936 538 nam
958 479 1015 540 hoc
1039 478 1114 538 alios

95 567 221 644 probare
253 586 312 627 non
343 585 472 644 possum.
514 568 605 628 donec
633 568 770 644 probem,
799 569 938 643 torquete
969 569 1115 642 tanquam

95 658 296 722 mentientem
336 657 393 731 lex,
416 657 523 733 inquit,
546 658 674 716 liberum
693 657 844 716 hominem
865 658 1000 732 torqueri
1022 657 1113 716 vetat.

70 765 150 822 sper
171 745 268 820 fidem,
292 763 309 805 o
331 746 453 820 iudices,
478 748 544 822 quis
566 766 627 805 non
644 747 701 805 hoc
723 765 791 805 eum
813 745 991 822 respondere
1012 745 1115 806 eredat

96 837 180 894 cuius
205 836 355 894 tormenta
376 837 547 911 poscuntur.
581 835 694 895 nemini
716 835 856 895 videficet
878 835 965 894 credo
989 833 1115 893 dubium

95 925 192 1002 legem
207 924 287 999 quod
300 925 434 998 torqueri
447 923 575 983 liberum
587 925 738 984 hominem
749 926 849 1003 negat,
861 925 917 983 hoc
928 924 1114 1000 prospexisse

95 1015 228 1087 tanturn,
255 1032 292 1071 ne
315 1015 382 1089 quis
404 1015 595 1088 torqueretur
617 1013 742 1088 invitus,
770 1015 801 1072 et
829 1014 995 1088 iuraquae
1018 1031 1072 1072 nos
1096 1031 1115 1071 a

95 1102 250 1161 servilium
267 1120 425 1178 corporum
443 1102 615 1161 condicione
634 1104 798 1176 secernunt,
820 1103 1113 1178 impatientiae-tan-

56 1212 82 1251 ιο
96 1193 161 1249 tum
197 1193 374 1251 succurrisse
411 1191 585 1250 nolentium.
640 1193 774 1250 omnium
808 1190 1018 1250 beneficiorum
1054 1192 1114 1250 Ista

96 1282 204 1338 natura
227 1281 285 1354 est,
312 1282 347 1338 ut
374 1298 434 1338 non
456 1281 496 1338 sit
518 1281 677 1341 necessitas
703 1280 756 1340 sed
782 1282 925 1356 potestas.
966 1279 1114 1339 erudelius

96 1370 197 1427 autem
220 1371 265 1428 est
288 1370 318 1427 et
339 1367 491 1445 indignius
515 1388 604 1443 quam
622 1369 765 1444 torqueri,
788 1387 849 1428 non
870 1369 1031 1445 impetrare
1053 1370 1114 1428 tor-

95 1459 204 1515 menta
241 1458 327 1534 exigo
341 1458 554 1532 quaestionem,
567 1459 600 1516 iri
614 1476 674 1533 qua
688 1457 761 1533 quid
774 1456 907 1517 dicturus
920 1458 990 1532 sim,
1005 1459 1114 1532 nescio,

97 1546 169 1621 quid
198 1545 321 1604 debeam
350 1545 460 1620 dicere,
490 1546 561 1604 vidi.
606 1565 666 1605 non
695 1548 828 1620 invenio,
858 1565 876 1605 o
905 1545 1037 1620 iudices,
1061 1565 1115 1605 eur

56 1655 81 1695 15
95 1637 203 1693 renuat
225 1634 307 1694 dives
330 1635 548 1710 quaestionem,
574 1637 735 1712 postquam
764 1637 923 1711 supersunt
951 1635 1055 1694 adhuc,
1068 1637 1113 1694 in·

96 1724 177 1781 certa
200 1742 235 1782 ac
265 1722 363 1782 dubia.
408 1724 524 1783 facinus
551 1727 596 1783 est
622 1727 723 1783 tamen
749 1743 797 1783 me
826 1743 886 1784 non
911 1726 1059 1800 torqueri,
1087 1726 1114 1783 si

95 1812 170 1870 mihi
191 1814 272 1871 torto
294 1813 400 1888 utique
423 1812 601 1871 credendum
623 1815 676 1872 est.
717 1814 866 1891 cogitasti,
888 1832 907 1871 ο
931 1813 1022 1886 dives,
1046 1832 1114 1872 oum

95 1900 204 1975 filium,
231 1920 292 1960 non
318 1904 436 1978 patrem
464 1899 611 1976 occidisti,
635 1901 708 1978 quid
734 1901 810 1960 mihi
836 1920 904 1961 oum
931 1902 1113 1977 vulneribus,

97 1989 168 2064 quid
186 2009 253 2049 oum
272 2009 375 2049 cruore
389 1993 581 2066 consumptae
599 1993 631 2050 et
647 1991 709 2050 iam
721 2009 816 2067 paene
829 1990 967 2050 abeuntis
986 1993 1113 2050 animae.

55 2100 82 2138 so
96 2079 249 2138 occidatur
269 2081 370 2154 potius
399 2080 451 2138 iile
477 2081 539 2138 iam
561 2080 689 2154 iuvenis,
719 2082 781 2139 iam
802 2081 955 2155 inimicus,
985 2079 1021 2139 de
1045 2099 1113 2140 sene

95 2167 286 2227 vindicabitis
308 2188 368 2242 me,
392 2169 471 2228 oculi
497 2168 600 2244 patris.
646 2171 763 2228 scivisti
788 2171 820 2228 et
842 2170 935 2245 quod,
962 2171 989 2229 si
1011 2171 1043 2228 in
1065 2189 1112 2228 me

94 2274 208 2332 rueres,
237 2257 301 2333 ipse
322 2257 461 2317 robustus
491 2277 538 2316 me
559 2260 707 2332 iurasset,
735 2278 790 2337 ego
818 2261 919 2318 autem
942 2277 1029 2317 senex
1052 2277 1113 2317 non

95 2345 201 2421 ipsum.
228 2348 289 2404 iam
305 2365 392 2424 nunc,
406 2366 423 2406 o
437 2347 558 2422 iudices,
571 2347 778 2407 infirmitatem
791 2367 889 2406 meam
908 2348 1015 2426 allego,
1034 2366 1113 2405 com.-
1207 2365 1208 2368 ¹

94 2434 215 2508 mando,
242 2437 337 2494 sime
365 2437 442 2495 forte
466 2436 588 2514 flagella
609 2438 808 2510 mutaverint,
839 2455 894 2514 ego
917 2439 1018 2494 tamen
1041 2435 1113 2509 vidI,

55 2544 81 2582 25
96 2523 122 2582 si
144 2541 247 2581 vocem
264 2525 298 2580 in
319 2525 427 2583 eculeis
447 2525 635 2602 ignibusque.
650 2525 816 2601 perdidero,
839 2544 894 2603 ego
917 2527 1018 2583 tamen
1041 2523 1112 2582 vidi.

375 2735 458 2794 VIII.
482 2734 595 2795 (inrum
617 2755 827 2797 nineveurns.

161 2859 375 2936 Arpwmcntucn
396 2879 423 2919 c.
437 2879 470 2934 p.
491 2863 565 2929 146,
583 2863 613 2920 3.

162 2950 269 3024 Minus,
289 2949 440 3024 oiudiees,
458 2951 567 3008 misera
585 2952 759 3026 quereretur
776 2951 812 3009 dc
830 2952 949 3025 marito,
968 2951 994 3008 si
1012 2951 1113 3010 sanari

97 3057 150 3098 noc
171 3039 225 3098 ille
246 3041 401 3114 potuisset,
424 3057 479 3115 pro
498 3057 558 3115 quo
577 3042 623 3098 est
640 3040 734 3099 frater
752 3039 873 3099 occisus.
914 3058 993 3098 nunc
1012 3041 1112 3113 autem

57 3148 83 3188 ao
96 3127 200 3185 infeIIx
218 3147 277 3187 non
294 3128 411 3187 invenit
428 3129 490 3187 ulla
509 3129 627 3204 solacia,
647 3147 683 3187 ex
701 3147 759 3203 quo
778 3128 836 3188 sibi
853 3128 1004 3188 videretur
1016 3128 1112 3186 filium

96 3216 258 3293 perdidisse
281 3219 437 3278 victurum.
479 3236 533 3276 nee
557 3236 610 3276 vos
628 3220 748 3276 moveat
766 3218 846 3294 quod
862 3237 929 3278 reus
947 3217 1012 3294 pati
1031 3217 1112 3276 vide.

96 3308 147 3364 tur
170 3305 350 3366 exorbitata
367 3306 557 3382 tantundem3
580 3326 638 3366 non
663 3306 743 3365 enim
760 3306 891 3383 perdidIt
913 3306 1009 3366 filium
1032 3309 1111 3382 quis·

97 3395 163 3470 quis
183 3394 297 3453 occidit.
333 3399 469 3456 materna
487 3397 584 3472 pietas
602 3397 757 3472 utriusque
775 3391 1113 3477 salute<m>sperabat

186 3603 201 3652 '1
220 3600 304 3655 necat
321 3608 354 3654 Ι
423 3606 457 3655 22
475 3600 616 3657 iurassem
634 3610 667 3656 Ι
