2430 3952
426 210 660 266 DECLAMATIO
679 212 742 265 Vffl
756 218 834 266 3-5.
1072 214 1136 277 149

123 381 293 440 incredibili
320 383 454 441 vanitate
469 380 471 384 ⁴
484 383 615 440 variavit
646 400 813 459 magnaque
845 383 967 440 miseros
989 384 1137 457 ¹parentes

123 470 250 547 ambage
283 471 463 546 suspendens
492 471 676 529 tutissimum
706 472 826 546 putavit
854 473 1028 546 promittere
1059 472 1139 547 quod

125 559 246 619 deberet
273 579 359 618 nemo
388 562 521 636 experiri.
568 577 671 618 causas
696 559 815 634 quidem
843 578 873 618 se
897 560 972 618 dixit
999 563 1137 637 ignorare

123 648 304 722 morborum,
319 649 370 707 sed
385 650 512 708 salutem
526 649 687 724 spopondit
705 651 801 722 unius,
820 651 845 707 si
863 650 997 707 licuisset
1011 651 1138 708 alterum

96 738 270 812 soccidere,
298 739 442 811 lacerare,
469 740 641 813 perspicere.
689 758 738 812 en,
766 740 814 796 cui
836 740 933 812 pietas
956 740 1064 813 patris,
1091 740 1139 796 cui

124 826 242 886 credere
266 827 434 886 sollicitudo
458 826 605 886 debuerit:
629 827 705 885 dixit
729 845 758 885 se
782 827 855 885 seire
877 826 1040 885 remedium
1059 827 1138 902 quod

123 915 280 975 nesciebat.
318 917 411 975 vultis
429 917 610 993 intellegere,
633 916 754 989 iudices,
773 916 849 973 nihil
866 916 1045 991 inpatientia
1064 917 1139 974 cari·

123 1007 198 1063 tetis
221 1004 324 1064 fecisse
347 1003 484 1079 patrem?
529 1024 589 1063 non
611 1005 717 1063 retulit
740 1005 777 1062 ud
800 1007 939 1079 matrem,
963 1005 1071 1063 adacta
1094 1007 1139 1063 est

125 1096 261 1152 amorte
284 1093 340 1151 filii
363 1093 411 1152 vel
434 1095 564 1152 sanitate
583 1093 738 1152 discedere.
784 1112 843 1152 non
866 1097 1048 1170 propinquos
1071 1112 1138 1152 con-

83 1205 109 1245 10
125 1183 227 1257 suluit,
249 1202 309 1242 non
329 1183 447 1256 amicos,
470 1183 521 1240 sed
545 1202 598 1242 sua
620 1185 739 1241 tantum
762 1186 951 1258 persuasione
974 1183 1139 1257 medicique

125 1273 290 1346 contentus,
305 1272 384 1346 quod
403 1274 556 1330 nocentius
576 1274 621 1329 est
635 1290 725 1347 quam
745 1273 770 1329 si
789 1273 852 1346 ipse
872 1272 1034 1347 occidisset,
1050 1271 1139 1330 alter-

106 1364 226 1419 'ntrum
253 1362 353 1436 potuit
381 1361 496 1438 eligere.
544 1361 624 1419 dicat
651 1379 729 1417 nunc
758 1361 908 1435 parricida
936 1361 1009 1435 quid
1036 1362 1140 1419 fecerit
1168 1398 1170 1403 ι

122 1449 200 1508 illud
220 1450 298 1524 quod
322 1451 413 1508 etiam
431 1450 467 1508 de
491 1448 645 1523 similibus,
668 1451 732 1506 tam
754 1449 876 1524 paribus
896 1451 991 1526 aegris
1014 1451 1046 1506 in
1066 1451 1138 1508 alte-

123 1559 192 1598 rum
215 1539 382 1614 desperatio
410 1539 464 1597 illa
490 1534 681 1614 praevaluit?
727 1540 752 1595 si
774 1538 881 1596 medici
908 1557 968 1597 non
992 1539 1138 1613 interfuit,

80 1651 109 1692 15
124 1630 227 1686 utrum
254 1628 413 1702 occideret,
443 1627 593 1686 constabit
619 1629 720 1686 vivere
747 1629 906 1701 utrumque
934 1629 1080 1702 potuisse,
1113 1628 1139 1686 si

122 1717 272 1791 interfuit,
298 1717 447 1776 constabit
469 1735 529 1775 non
552 1716 677 1775 eundem
699 1717 789 1775 fuisse
813 1717 993 1792 languorem.
1041 1716 1138 1790 qualis

124 1807 217 1864 fuerit
241 1806 300 1864 illa
318 1808 446 1881 curatio,
470 1806 542 1880 quid
564 1824 669 1881 passus
692 1805 732 1863 sit
754 1807 868 1864 iuvenis
891 1806 923 1861 in
946 1807 1054 1878 morte,
1079 1823 1138 1879 qua

123 1894 255 1955 medicus
273 1895 445 1970 parabatur,
460 1896 593 1953 omnium
612 1895 784 1968 adfectibus,
799 1895 931 1952 omnium
950 1895 1137 1970 cogitationi-

123 1984 181 2043 bus
204 1985 317 2059 liquere
341 1984 523 2042 crediderim.
562 1984 687 2058 ideoque
710 1985 858 2058 parcimus
883 1983 1002 2041 auribus
1025 1985 1137 2041 matris.
1183 1977 1185 1981 ’

82 2096 109 2136 rc
123 2074 254 2132 breviter
275 2076 377 2132 tamen
399 2073 507 2151 longae
530 2073 714 2131 crudelitatis
738 2072 912 2148 explicanda
936 2075 1061 2130 saevitia
1084 2072 1174 2131 esti

124 2182 160 2220 ex
188 2162 323 2220 omnibus
353 2181 429 2236 quae
455 2162 593 2237 pertulit,
622 2162 804 2221 levissimum
832 2162 891 2218 fuit
919 2162 998 2236 quod
1025 2162 1138 2220 occisus

125 2254 178 2310 est.
224 2271 284 2310 non
313 2253 358 2310 est
386 2251 465 2325 quod
492 2251 611 2309 veniam
638 2252 826 2309 tristissimae
855 2252 1016 2309 curationis
1043 2255 1138 2325 peret,

125 2340 206 2416 quod
219 2339 337 2399 videtur
354 2342 386 2397 in
406 2340 466 2398 alio
484 2341 577 2398 fratre
597 2339 743 2416 explicata
761 2340 926 2415 promissio
958 2359 996 2397 an
1011 2341 1138 2397 alterum

123 2429 256 2488 medicus
275 2430 434 2503 sanaverit,
457 2430 578 2487 fortuna
591 2428 714 2503 viderit,
734 2428 812 2502 quod
830 2430 934 2504 negari
953 2447 1011 2486 non
1031 2430 1137 2502 potest,

83 2541 111 2581 re
126 2520 254 2576 alterum
276 2517 408 2577 medicus
431 2517 547 2577 occidit.
590 2519 719 2592 erumpit
741 2519 796 2576 hoe
819 2519 883 2575 loco
906 2518 1014 2575 mulier
1035 2516 1139 2574 infelix

126 2610 156 2666 et
183 2609 248 2666 tota
275 2607 415 2666 libertate
443 2607 623 2683 proclamat:
652 2605 740 2664 redde
768 2606 855 2679 mihi,
883 2607 995 2680 inquit,
1022 2607 1139 2679 marite,

124 2695 220 2755 filium
244 2715 332 2772 quem
354 2696 412 2755 tibi
434 2697 547 2771 pariter
569 2695 743 2770 medicoque
766 2695 906 2754 commisi.
944 2695 992 2752 hic
1020 2696 1065 2751 est
1087 2694 1138 2752 ille

125 2788 224 2845 vester
246 2786 434 2860 insanabilis,
457 2785 555 2860 recipe
579 2804 666 2859 quem
689 2785 763 2842 mibi
787 2782 949 2857 credidisti,
976 2783 1027 2841 ille
1050 2785 1139 2841 mori-

197 3034 211 3081 1
230 3027 362 3082 variavit:
384 3025 485 3079 ariavit
502 3028 533 3079 ic
546 3043 601 3080 rus.
617 3035 655 3091 B;
674 3025 799 3078 vanitate
819 3023 913 3090 pollice
931 3024 1053 3078 variavit
1069 3034 1091 3076 V

126 3140 242 3189 3ncm0
262 3133 377 3188 deberet
395 3146 410 3197 β
478 3131 593 3199 quidam
612 3141 662 3184 Β]
727 3111 824 3200 igneio
843 3140 876 3184 M
944 3137 960 3182 4
978 3130 1138 3185 morborum

124 3223 157 3261 ec
174 3205 321 3260 verborum
340 3213 373 3258 M
405 3215 413 3240 r
441 3202 607 3272 spospondit
624 3211 653 3255 Β
723 3201 918 3256 bsollicitudo
934 3203 1062 3255 debuerit
1081 3218 1138 3255 ore-

126 3279 192 3333 dere
210 3287 236 3345 V,
254 3278 301 3332 sed
319 3282 422 3344 trausp.
511 3273 781 3327 dixit-nesciebat
799 3290 848 3327 om.
865 3285 885 3325 o
967 3273 1055 3341 quod:
1075 3277 1104 3326 et
1121 3283 1142 3325 V

124 3367 260 3453 8pattm
278 3392 307 3436 Β
363 3382 553 3436 9discedere:
575 3381 593 3433 d
612 3382 727 3434 alterum
746 3381 777 3432 iu
790 3396 844 3434 rus.
859 3390 887 3432 Β
938 3381 1098 3454 pprinquos
1112 3389 1140 3431 Β

125 3462 158 3510 13
183 3456 280 3513 etiam:
301 3456 330 3508 et
348 3463 381 3520 Ρ,
397 3471 467 3508 corr.
481 3474 503 3514 p
567 3452 601 3505 de
620 3453 679 3504 tam
699 3450 838 3504 similibus
857 3453 912 3506 Bc.
980 3457 1011 3505 19
1031 3451 1138 3518 liquere

123 3545 174 3582 om.
190 3535 224 3580 s·
238 3526 400 3594 relinquere
419 3534 446 3578 Ρ
516 3530 548 3576 21
570 3539 656 3591 qnae:
676 3523 751 3590 quod
770 3532 797 3576 Ρ
867 3523 954 3590 quod:
975 3522 1024 3590 qui
1043 3532 1069 3574 P

123 3603 158 3652 26
177 3568 259 3652 reddi
276 3607 310 3665 Β,
329 3604 430 3651 cocco
502 3600 535 3648 27
554 3595 644 3647 filium
662 3607 795 3648 meumu
