2430 3952
116 203 136 266 8
453 199 582 255 Plutus
601 199 775 256 PALMATV
776 200 795 255 S

115 370 306 447 interrogabo
331 368 403 446 quid
426 372 495 429 ante
517 369 646 448 perdite,
669 370 741 445 quid
763 369 919 447 flagitiose,
943 367 1015 445 quid
1035 370 1136 446 impie

116 461 233 534 fecerit,
256 478 310 535 per
333 478 408 535 quae
432 477 463 518 se
485 459 665 534 parricidam
688 459 799 518 scelera
821 458 998 534 promiserit.
1044 459 1135 528 inn0÷

116 549 215 608 centia
240 568 294 625 per
321 548 431 625 gradus
460 550 555 607 certos
582 548 619 606 ab
646 548 765 607 homine
794 547 931 622 discedit,
959 549 1001 623 et,
1028 566 1068 606 ne
1098 548 1135 606 in

116 638 254 697 maximis
277 637 406 714 trepidet
429 637 562 708 audacie,
586 636 639 694 diu
661 639 739 696 vires
762 636 794 695 in
816 636 979 696 minoribus
1003 636 1132 714 colligit.

117 745 203 786 nemo
230 726 299 784 inde
328 728 438 802 coepit,
467 744 525 801 quo
552 725 723 785 incredibile
752 727 796 785 est
825 725 1001 801 pervenisse.
1046 725 1134 785 dicas
1163 746 1177 789 s

117 835 233 876 necesse
256 818 301 875 eet
325 834 401 891 quae
423 815 493 874 huic
515 834 582 874 cum
604 818 690 891 patre
713 815 782 875 odia
804 814 930 890 fuerint,
953 833 1044 890 quam
1067 815 1135 874 vio-

116 907 197 964 lenta
227 905 370 964 dissensio
398 905 477 963 inter
500 922 650 963 sacrorum
677 903 796 962 infinita
818 905 971 962 nominum
993 903 1133 980 pignora.

116 994 203 1054 crede
224 994 333 1052 mulier
355 995 446 1052 etiam
469 996 522 1052 tua
545 1011 642 1052 causa.
679 1011 748 1051 nam
772 993 798 1052 si
820 992 908 1052 facile
931 993 977 1052 est
998 992 1062 1052 filio
1084 1011 1135 1052 oc·

117 1083 213 1142 cidere
236 1085 363 1159 patrem,
385 1082 503 1141 facilius
527 1084 572 1140 est
594 1083 679 1140 uxori
701 1081 851 1140 maritum.

182 1171 304 1247 Loquar
321 1190 400 1230 nunc
414 1171 449 1230 de
463 1170 637 1230 infirmitate
650 1171 774 1230 miserae
789 1171 951 1229 caecitatis.
976 1171 1133 1230 temeritas
1149 1193 1177 1234 ro

117 1261 212 1320 omnis
240 1262 408 1320 animorum
438 1259 609 1320 calamitate
642 1278 798 1335 corporum
824 1260 988 1337 frangitur,
1017 1262 1048 1318 et
1077 1259 1133 1318 iri-

117 1352 241 1428 gescunt
268 1350 397 1425 impetus
424 1349 570 1408 mentium
597 1367 671 1424 quos
699 1367 759 1408 non
788 1348 937 1423 explicent
963 1348 1134 1408 ministeria

116 1438 324 1498 membrorum.
370 1439 408 1497 ad
445 1439 541 1498 solum
578 1456 609 1497 se
643 1438 751 1515 alligat
782 1437 927 1496 destituta
958 1454 1132 1497 maerorem.

116 1529 218 1588 vultus
247 1529 298 1586 ille
321 1531 466 1604 perpetua
487 1530 574 1586 noete
597 1530 754 1603 coopertus
777 1545 811 1585 ac
833 1526 956 1585 timidus
979 1545 1039 1586 non
1062 1545 1134 1586 con-

117 1618 191 1694 cipit
218 1618 315 1692 nefas,
343 1617 381 1675 ad
409 1616 490 1692 quod
517 1616 640 1675 ducibus
669 1616 761 1675 oculis
791 1617 984 1691 pervenitur..
1016 1617 1134 1692 cogitat
1148 1634 1176 1679 ro

118 1725 233 1783 semper
252 1724 350 1765 errare
368 1707 399 1766 et
417 1705 571 1779 offendere,
595 1705 708 1782 cogItat
727 1705 817 1764 eundi
833 1703 1033 1779 redeundique
1053 1703 1135 1764 diffi-

118 1796 268 1854 cultatem.
313 1812 424 1872 magne
445 1795 631 1854 innocentiae
655 1795 814 1853 necessitas
839 1795 892 1867 est,
914 1795 1063 1852 neminem
1085 1793 1135 1852 fa·

118 1884 203 1943 cilius
226 1901 312 1959 posse
332 1882 519 1959 deprehendi.
556 1901 672 1957 semper
694 1882 752 1941 sibi
770 1881 942 1942 custodiunt
961 1882 1071 1958 miseri,
1093 1902 1134 1942 ne

117 1990 179 2032 esse
193 1972 376 2030 miserabiles
390 1972 537 2046 desinant,
556 1973 586 2030 et
604 1969 738 2046 quisquis
757 1971 858 2030 amisit
876 1972 986 2046 oculos,
1003 1971 1134 2046 laborat,

116 2080 154 2120 ne
185 2061 292 2120 merito
324 2060 495 2136 perdiderit.
542 2059 613 2135 quid
646 2059 728 2117 aliud
760 2062 887 2119 caecitas
919 2060 1007 2119 discit
1039 2079 1133 2136 quam
1147 2082 1177 2123 ao

116 2168 232 2227 rogare,
254 2146 404 2207 blandiri?
441 2147 542 2208 odium
565 2167 650 2207 omne
675 2148 818 2208 adiuvant
840 2150 928 2223 oculi,
953 2151 983 2208 et
1001 2148 1081 2208 hunc
1097 2151 1134 2208 in

117 2237 285 2315 pectoribus
313 2237 449 2296 humanis
473 2238 603 2295 furorem
627 2237 742 2296 lumina
770 2238 948 2312 accendunt,
974 2256 1029 2297 nec
1054 2238 1134 2298 levis

119 2329 227 2386 animis
250 2326 364 2385 accedit
385 2326 516 2401 insania,
546 2326 682 2402 quotiens
706 2346 793 2402 quem
816 2327 971 2402 execreris,
995 2327 1134 2403 aspicies.

119 2435 221 2476 caecus
244 2416 380 2474 miserior
398 2417 443 2475 est
461 2433 551 2491 quam
569 2418 604 2474 ut
621 2416 735 2474 invisus
754 2417 803 2492 sit,
825 2415 959 2476 timidior
977 2418 1023 2475 est
1040 2435 1135 2492 quam

118 2509 153 2564 ut
175 2505 280 2565 oderit.
316 2506 471 2581 praeterea
493 2504 667 2562 nocentibus
690 2503 791 2564 liberis
814 2505 1069 2580 frequentissimas
1093 2506 1134 2565 ad
1150 2526 1178 2569 so

118 2593 311 2671 parricidium
339 2611 443 2652 causas
471 2594 619 2670 suggessit
645 2593 721 2651 illud
749 2593 828 2669 quod
853 2593 1003 2653 videbant.
1048 2594 1135 2654 vitiis

120 2684 199 2742 enim
221 2684 331 2741 nostris
354 2682 386 2740 in
410 2682 542 2741 animum
564 2701 617 2757 per
640 2683 740 2740 oculos
759 2682 810 2741 via
830 2685 883 2741 est.
920 2683 987 2742 aliis
1005 2683 1136 2743 tradidit

118 2773 151 2831 in
173 2774 331 2847 parentum
354 2770 528 2847 sanguinem
550 2771 668 2828 luxuria
689 2769 801 2829 ferrum
824 2803 865 2812 —-
889 2772 1007 2830 luxuria
1029 2772 1137 2832 viden-

83 2868 99 2943 -ξ
119 2861 195 2919 tium
210 2861 320 2918 crimen
335 2892 387 2934 —,
404 2859 472 2919 aliis
488 2859 693 2918 meretriculae
709 2877 793 2918 amor
808 2860 958 2919 inmodica
972 2860 1136 2938 poscentis,

192 3019 206 3065 1
230 3011 347 3080 flagiose
366 3020 402 3078 Β,
422 3028 490 3066 corr.
504 3032 536 3063 m
605 3016 620 3062 3
640 3010 771 3065 discedit:
791 3011 936 3065 descendit
958 3021 979 3064 V
1041 3017 1056 3065 6
1076 2977 1137 3068 lbic

119 3093 147 3137 Β
200 3082 266 3136 odia
284 3099 334 3137 oro.
350 3091 391 3148 Β,
411 3089 474 3136 aute
493 3098 556 3135 cum
574 3098 695 3150 cupam
749 3099 846 3150 quam:
870 3099 924 3150 que
942 3093 971 3135 Ρ
1046 3088 1137 3153 Spa-

120 3157 191 3208 trem
209 3153 267 3206 filio
287 3153 413 3207 occidere
432 3152 588 3223 (hoccidere
601 3155 637 3222 Β)
657 3166 707 3217 acy
780 3158 795 3205 9
818 3153 930 3207 facilius
951 3156 983 3208 iu
1000 3171 1054 3210 ros.
1070 3164 1098 3208 Β

121 3267 154 3314 12
178 3277 260 3328 quos:
283 3259 358 3328 quod
375 3268 434 3312 ΒΒ
487 3264 519 3312 17
538 3275 653 3327 magna:
677 3239 753 3329 ¹g¹²a³ira
777 3268 806 3312 Β
859 3264 891 3312 21
911 3259 1052 3315 blandiori
1070 3272 1099 3315 Β

120 3333 176 3421 duc
193 3376 221 3420 Β
293 3371 327 3418 24
345 3366 604 3419 invisus—uttib
620 3375 710 3420 oua?
778 3370 812 3418 25
831 3366 864 3418 ut
878 3365 980 3422 oderit:
994 3369 1043 3422 uto
1058 3369 1138 3427 derit

122 3442 147 3508 (e
165 3440 229 3506 feeit
247 3455 280 3491 ex
299 3440 325 3506 o)
343 3445 372 3489 Β
425 3442 457 3489 26
477 3435 625 3489 videbatur
643 3445 667 3487 s
719 3435 825 3488 livia:
845 3435 963 3490 inviaB
1015 3443 1049 3492 28
1069 3457 1139 3496 san-

121 3510 238 3579 guinum
261 3517 282 3560 V
349 3507 459 3561 luxoria
477 3517 506 3559 Ρ
525 3507 567 3560 bis
639 3511 672 3559 29
693 3511 757 3574 post
780 3505 883 3560 crimen
904 3509 967 3562 add.
987 3511 1019 3564 lu
1038 3518 1138 3568 ras2

122 3583 161 3636 cel
185 3585 202 3635 3
226 3582 380 3635 litterarum
399 3579 441 3632 est
458 3598 490 3629 m
