2430 3952
137 198 200 263 [34
438 196 641 253 rosunum
658 195 835 251 anrauis

200 364 316 439 Sentio,
342 365 467 440 iudices,
493 367 655 442 plurimum
682 365 798 424 detrahi
821 365 1043 424 calamitatibus
1069 366 1144 426 meis

131 455 340 530 miserationis,
363 455 442 530 quod
464 455 503 513 ad
520 473 573 514 vos
596 455 736 514 detulisse
755 454 857 514 videor
879 455 1006 513 nimium
1032 454 1144 513 fortem

131 544 277 617 dolorem,
305 545 335 602 et
359 545 547 604 bisbssimae
576 543 712 603 orbitatis
739 543 814 602 mihi
841 562 957 619 quoque
986 545 1144 602 accessisse

131 634 297 692 novitatem
320 632 408 708 quod,
431 652 499 692 cum
522 632 660 692 adversm
683 635 812 692 metam
835 634 939 710 gravia
962 634 992 690 et
1010 631 1144 690 crudelia

132 721 300 798 deposcam,
329 723 430 798 patior
456 721 602 780 invidiam
628 721 755 781 hominis
784 723 927 798 exigentis
956 722 1053 780 aliena
1081 725 1144 779 tor·
1170 741 1182 781 a

130 813 239 871 menta.
285 829 344 869 non
370 829 491 885 possum
517 812 618 868 tamen
641 810 689 868 vel
715 812 747 868 in
769 810 853 869 vobis
881 808 1045 884 approbare
1070 810 1143 884 quid

130 900 239 975 patiar,
263 899 343 974 quod
364 899 438 957 mihi
460 917 520 957 non
542 901 587 957 est
606 898 712 958 relicta
734 898 834 958 miseri
855 899 951 975 patris
973 897 1142 958 infirmitas.

129 1006 332 1064 percussorem
354 987 409 1045 filii
431 986 490 1045 mei
508 986 571 1045 vidi
593 989 624 1045 et
644 989 780 1047 miserior
803 1006 876 1061 sum,
896 1005 986 1062 quam
1004 988 1030 1046 si
1048 990 1142 1047 nesci-

130 1097 193 1136 rem
225 1077 291 1152 quis
326 1077 489 1135 occidisset.
534 1076 630 1135 fateor
661 1078 767 1153 igitur,
798 1076 923 1149 iudices,
955 1076 1018 1150 ipse
1049 1076 1143 1135 miror

130 1166 207 1223 unde
232 1164 270 1222 ad
291 1165 347 1223 hoc
368 1164 553 1241 probationis
577 1184 669 1242 genus
687 1169 808 1243 repente
826 1165 1016 1242 confugerim.
1054 1183 1143 1224 vene·
1157 1187 1184 1226 ro

129 1273 195 1312 ram
217 1256 372 1328 tamquam
400 1254 590 1312 nuntiaturus
612 1248 750 1328 indubia
772 1255 944 1327 manifesta,
972 1272 1024 1312 nec
1048 1255 1143 1312 alium

130 1345 333 1418 spectaveram
363 1342 551 1418 publicarum
583 1343 782 1419 suspicionum
809 1343 844 1401 de
872 1341 929 1400 filii
957 1343 1017 1400 mei
1046 1346 1142 1402 morte

131 1449 313 1505 consensum,
332 1451 423 1506 quam
441 1433 467 1490 si
485 1450 688 1508 percussorem
706 1431 845 1491 videretis
865 1450 972 1490 omnes.
1009 1431 1066 1505 hic,
1084 1432 1142 1505 hic,

129 1523 166 1579 ut
187 1522 350 1596 torquerer,
377 1521 485 1579 inveni.
531 1524 691 1596 postquam
713 1520 786 1580 satis
811 1539 870 1579 non
894 1520 1070 1579 videbantur
1094 1540 1142 1579 ex-

129 1610 241 1686 plicare
271 1609 362 1668 verba
389 1609 469 1685 quod
500 1608 646 1683 videram,
679 1610 798 1687 confugi
830 1609 869 1667 ad
900 1608 989 1667 fidem
1020 1608 1139 1668 doloris.
1157 1623 1182 1670 ιε

131 1698 203 1774 quid
234 1698 356 1772 faciam,
388 1699 415 1757 si
446 1700 630 1757 temeritates
663 1717 779 1773 quoque
811 1700 927 1756 nostras
959 1698 1141 1757 conscientia

129 1806 247 1846 reorum
278 1806 338 1846 non
368 1789 468 1862 potest
498 1784 583 1862 pati?
628 1786 763 1845 intellexi
794 1787 981 1846 miseratione
1001 1787 1141 1861 ‚factm

130 1875 182 1950 qui
204 1877 239 1933 ut
265 1876 419 1950 torquerer
442 1894 608 1952 exegeram,
636 1895 671 1934 ex
699 1894 758 1950 quo
786 1895 832 1934 me
856 1876 937 1934 dives
964 1894 1024 1933 non
1051 1878 1142 1951 putat

130 1963 212 2022 aliud
234 1963 267 2021 in
290 1964 461 2040 quaestione
485 1963 640 2023 dicturum.
686 1983 781 2039 neque
804 1984 867 2042 ego,
890 1965 1015 2037 iudices,
1039 1983 1140 2039 quem-

130 2072 221 2128 quam
234 2055 366 2112 vestrum
384 2053 520 2112 dubitare
540 2053 722 2126 crediderim,
742 2073 776 2112 ex
795 2072 854 2128 qua
873 2053 1061 2127 conscientia,
1080 2072 1139 2128 qua
1154 2076 1181 2114 ao

129 2140 326 2216 trepidatione
355 2142 525 2215 descendat,
555 2144 589 2200 ut
617 2142 683 2217 quis
713 2143 845 2218 torqueri
874 2142 949 2201 nolit
978 2143 1139 2201 inimicum.

130 2249 203 2305 qnos
230 2249 308 2289 nunc
329 2233 443 2307 putatis
467 2230 614 2290 cruciatus
637 2231 761 2289 divitem
787 2231 865 2306 pati,
890 2251 977 2306 quem
1000 2230 1140 2305 dolorem,

130 2319 210 2394 quod
236 2319 291 2378 hoo
318 2319 391 2378 mihi
418 2317 530 2398 negat?
563 2338 653 2395 quam
679 2320 770 2378 vellet
800 2319 867 2378 ideo
900 2322 1018 2378 tantum
1044 2318 1140 2379 filiurn

129 2427 229 2466 meum
250 2427 310 2467 non
333 2408 486 2482 occidisse,
514 2410 548 2483 nt
570 2408 645 2467 mihi
670 2410 770 2485 posset
793 2409 945 2486 indulgere
970 2407 1140 2468 tormenta?

131 2517 170 2556 an
191 2498 247 2556 hoc
265 2497 392 2570 creditis,
415 2497 535 2570 iudices,
558 2497 683 2556 divitem
701 2498 797 2556 facere
815 2499 916 2575 legum
933 2497 1140 2573 libertatisque
1155 2519 1181 2558 aa

129 2590 273 2662 respectu,
297 2589 326 2645 et
348 2605 432 2646 reum
453 2603 507 2662 pro
531 2587 664 2662 exemplo
688 2605 749 2646 esse
773 2584 954 2646 sollicitum?
995 2587 1046 2644 ille
1069 2606 1141 2646 vero

94 2673 210 2734 inuno
231 2677 380 2735 laceratur
401 2677 430 2734 et
452 2675 495 2734 sic
516 2677 612 2752 magis
635 2678 736 2734 nostro
755 2675 856 2735 dolore
878 2676 995 2734 fruitiu.
1034 2694 1140 2750 operae

129 2767 260 2839 pretium
278 2766 323 2824 est
344 2763 465 2823 inimico
483 2782 591 2841 negare
609 2767 766 2838 tormenta,
790 2783 857 2823 cum
879 2764 992 2838 feceris,
1015 2767 1049 2822 ut
1067 2763 1141 2822 velit

129 2854 193 2927 ipse
216 2854 357 2928 torqueri.
402 2852 478 2911 illud
499 2853 594 2930 igitur
617 2871 635 2912 a
658 2853 751 2927 vobis,
773 2852 898 2928 indices,
920 2853 1140 2912 infelicissimus

203 3043 218 3091 3
241 3038 433 3095 tristissimae:
457 3039 565 3094 tissime
587 3049 609 3091 v
675 3039 746 3093 mihi
768 3062 803 3093 o:
829 3040 895 3095 inde
919 3053 935 3092 s
1007 3047 1021 3094 ss
1046 3039 1089 3093 vel
1112 3040 1142 3094 in

129 3107 208 3164 vobis
231 3111 340 3179 εονίρείε
366 3111 411 3165 vel
433 3111 464 3165 in
485 3110 566 3165 nobis
590 3130 626 3177 οη
651 3110 695 3192 yel
717 3110 783 3165 inde
805 3111 884 3166 vobis
903 3111 977 3178 Scb.;
1001 3114 1035 3166 nt
1056 3111 1143 3183 velim

129 3215 208 3270 vobis
225 3216 301 3282 Obr.;
320 3217 386 3271 hinc
403 3217 482 3271 vobis
496 3218 552 3272 Bu.
616 3198 691 3285 qubd
710 3225 741 3269 M
811 3224 827 3272 8
851 3235 947 3286 qnam:
968 3217 1044 3286 quod
1063 3227 1090 3270 ι·

131 3293 164 3340 12
188 3289 414 3356 exspectaveram
431 3297 491 3342 Bu
552 3293 585 3341 13
608 3303 708 3356 quam:
729 3288 805 3355 quod
824 3296 851 3342 P
910 3289 1088 3342 vidissetise

130 3357 177 3411 hic
195 3359 310 3412 almum
325 3375 377 3412 om.
388 3368 421 3412 Μ
472 3364 505 3413 le
524 3359 695 3414 conscientia
708 3373 829 3412 reorum:
845 3360 1031 3413 conscientiar
1045 3376 1141 3414 eorum

129 3437 169 3495 ις
197 3429 369 3484 conscientia
396 3445 491 3484 eorum
514 3440 555 3498 ης
582 3430 754 3485 conscientia
780 3446 891 3499 quoqne
916 3446 1026 3485 reomm
1047 3441 1072 3484 s

132 3504 165 3553 18
184 3505 247 3555 aute
265 3516 412 3571 exegeram
430 3500 541 3556 addat
558 3513 580 3555 e
666 3506 700 3555 19
718 3500 825 3556 iudices
844 3501 918 3555 unde
937 3517 1107 3571 quemqnam
1125 3515 1143 3567 a

128 3571 633 3643 atanyszada(rectc?);atao⁴
700 3582 884 3640 quecea?-
1137 3582 1142 3605 “·
