2430 3952
142 185 205 249 122
465 184 640 241 CORPORIS
658 185 827 240 PROIEOTI

140 356 337 428 consecutum,
360 354 506 429 quomodo
529 355 625 432 legem
647 355 820 431 intellegere
843 356 1009 430 conveniat,
1035 355 1152 414 subter-

139 443 219 520 fugit
237 442 342 518 dicere,
365 462 459 519 neque
478 444 641 521 evestigio
660 445 764 518 scripti
786 443 905 519 recedit,
929 445 980 504 sed
1002 445 1082 503 nuda
1105 464 1151 503 re·

140 532 282 592 citatione
305 534 445 591 contenta
468 535 521 593 est.
557 552 611 592 nos
629 551 724 608 neque
743 532 879 592 omnibus
902 533 1035 608 personis
1055 553 1151 610 neque

140 621 277 683 omnibus
303 623 397 680 caecis
425 621 568 696 scriptam
591 640 652 681 esse
675 621 785 698 legem,
813 625 844 680 et
865 623 967 680 iuveni
993 623 1087 682 iustas
1116 642 1151 682 ac

139 712 319 770 necessarias
342 710 496 769 recedendi
519 729 623 769 causas
647 713 689 785 et,
713 710 761 769 cui
788 710 832 768 rei
859 729 974 787 semper
1000 713 1047 770 ius
1075 712 1150 771 satis
1179 733 1190 773 a

139 800 261 876 plenum
284 801 337 874 est,
359 799 470 858 bonum
492 798 625 858 animum
642 800 744 874 fuisse,
767 802 916 874 postremo
936 819 995 859 non
1013 801 1069 860 hoc
1087 818 1150 859 esse

140 889 272 949 deserere
292 888 505 961 contendimus,
528 890 619 964 atque
638 907 672 947 eo
691 907 811 947 eausam
829 889 1015 965 dimittimus,
1037 893 1151 948 utnon

139 981 179 1039 sit
211 977 407 1037 absolvendus
439 977 624 1052 adulescens,
656 978 715 1035 nisi
746 978 838 1035 etiam
868 978 1044 1037 laudandus.
1098 979 1150 1053 qui

139 1069 239 1126 autem
262 1065 392 1140 dubitat,
420 1084 459 1123 an
482 1066 586 1141 scripti
608 1065 796 1124 voluntatem
819 1067 903 1142 sequi
925 1068 1096 1140 conveniat,
1123 1069 1149 1126 is

138 1156 213 1214 mihi
232 1155 351 1214 videtur
373 1155 578 1230 quaestionem
601 1158 747 1232 temptare
769 1156 898 1214 incertus
922 1175 982 1231 qua
1005 1156 1040 1214 de
1063 1175 1103 1214 re.
1165 1178 1191 1218 ro

204 1243 275 1302 Ideo
298 1243 439 1318 pauciora
462 1244 588 1302 adiciam
611 1244 690 1320 quod
712 1244 798 1304 nobis
821 1263 947 1320 quoque,
970 1245 996 1304 si
1014 1247 1059 1303 ita
1081 1263 1148 1321 per-

139 1333 223 1410 gitis,
252 1331 366 1391 adferet
388 1333 540 1408 quandam
563 1333 784 1393 cavillationem
807 1333 865 1392 ista
888 1335 1031 1392 sermonis
1056 1334 1149 1392 ambi-

139 1421 247 1499 guitas,
270 1439 304 1480 ac
322 1422 417 1480 videri
439 1423 571 1497 potuerit
589 1442 706 1482 omnem
724 1423 872 1481 actionem
893 1424 988 1497 partis
1007 1423 1148 1482 adversae

138 1513 236 1588 prima
259 1509 362 1570 statim
384 1511 558 1571 recitatione
584 1512 762 1570 subvertere.
809 1531 879 1569 nam
901 1512 949 1569 lex
972 1531 1039 1571 cum
1062 1511 1148 1571 dicit:

139 1601 200 1676 qui
230 1601 400 1676 parentes
432 1601 468 1659 in
500 1600 711 1660 calamitate
742 1600 956 1675 deseruerit,
988 1619 1148 1676 rursusque
1165 1622 1190 1663 15

139 1708 206 1748 cum
229 1689 312 1747 dicit:
339 1689 547 1765 insepultus
571 1689 766 1763 abiciatur,
793 1708 852 1748 non
875 1691 979 1764 utique
1001 1689 1033 1747 id
1056 1692 1148 1766 signi·

138 1777 221 1852 ficat,
244 1781 279 1836 ut
301 1797 360 1837 non
382 1778 473 1837 liceat
496 1797 563 1836 eum
586 1779 716 1854 sepeliri,
739 1780 898 1855 postquam
919 1781 1070 1854 proiectus
1094 1782 1147 1837 est.

138 1887 229 1942 quare
262 1869 315 1925 aut
345 1867 419 1925 mihi
451 1886 567 1942 quoque
598 1867 763 1942 permittite
795 1867 836 1926 sic
869 1885 969 1945 agere,
1001 1868 1148 1942 quomodo

138 1956 216 2027 volo,
239 1958 301 2029 aut,
324 1956 403 2030 quod
425 1955 521 2034 magis
539 1959 668 2015 vestram
686 1955 860 2032 religionem
879 1956 971 2030 decet,
994 1957 1148 2034 indignam

139 2044 331 2103 sanctissimis
355 2044 475 2103 auribus
494 2044 650 2104 verborum
673 2045 841 2119 captionem
859 2064 894 2102 ex
911 2048 1038 2120 utraque
1060 2049 1147 2120 parte
1162 2068 1189 2108 ro

138 2132 299 2209 praecidite
327 2136 370 2208 et,
402 2151 470 2191 cum
500 2133 596 2191 filium
624 2133 783 2212 singularis
816 2134 941 2209 exempli
974 2133 1148 2209 probavero,

138 2223 257 2281 fortiter
280 2222 400 2295 sentite,
428 2223 542 2280 nullam
565 2242 697 2298 unquam
720 2241 738 2280 a
760 2222 922 2281 maioribus
946 2224 1055 2282 nostris
1077 2242 1148 2299 poe-

138 2329 208 2370 nam
231 2311 372 2385 scriptam
395 2329 457 2369 esse
479 2311 595 2387 pietati.

86 2399 125 2455 13
204 2399 304 2476 Atque
327 2400 359 2458 in
382 2419 417 2459 eo
441 2400 521 2475 quod
542 2401 672 2475 primum
694 2416 905 2475 proposueram
928 2419 988 2459 non
1011 2400 1049 2459 ad
1071 2402 1149 2461 hanc

138 2507 201 2548 rem
223 2490 372 2566 pertinere
393 2489 498 2566 legem,
520 2508 581 2548 non
603 2489 655 2548 diu
677 2488 825 2563 versabor,
848 2509 943 2564 neque
962 2489 1147 2549 dubitatione
1163 2513 1189 2553 aa

140 2596 229 2653 quam
252 2577 435 2653 nonhabet,
464 2577 595 2636 adferam
620 2597 742 2638 moram.
788 2598 883 2653 neque
907 2580 986 2637 enim
1007 2582 1094 2654 puto,
1123 2581 1149 2638 si

89 2684 92 2725 ῑ
140 2669 222 2727 aetas
249 2667 381 2742 inpediet
409 2666 568 2741 infantem,
595 2667 737 2726 valetudo
766 2686 901 2745 aegrum,
932 2687 979 2727 res
1007 2668 1148 2744 legatum,

139 2755 198 2814 dux
220 2756 355 2830 militem,
378 2755 569 2815 nihilominus
593 2755 736 2815 obstricta
759 2757 917 2816 crudelitas
941 2775 1000 2815 non
1024 2758 1149 2832 accipiet

211 2926 413 2990 lconveniar
472 2925 584 2979 2nulla
606 2935 628 2978 V
682 2925 781 2995 8quis
799 2935 868 2978 BVc·
923 2926 1148 2995 qui—incertus

139 2996 458 3064 l.100m.d1,odd.ia
475 3014 607 3068 moram
688 3003 760 3050 9an
779 3006 896 3051 om.BV
973 3002 1006 3050 10
1024 2998 1147 3051 videtur:

138 3067 267 3132 videres
330 3074 362 3122 12
382 3067 505 3122 adferret
519 3080 540 3121 a
599 3068 741 3136 quandam
759 3085 792 3122 ea
811 3069 951 3136 quendam
968 3077 996 3120 Β
1050 3074 1082 3121 13
1102 3085 1147 3122 ac:

138 3137 211 3192 hanc
229 3148 267 3205 113
294 3156 344 3194 om.
359 3148 396 3207 Μ,
415 3157 490 3210 supr.
504 3160 536 3192 a·
606 3139 711 3209 poterit
734 3151 769 3203 cc
838 3155 903 3209 pars
926 3139 1043 3193 adversa
1060 3149 1082 3192 V

140 3215 174 3263 14
192 3210 390 3264 retractatione
402 3219 463 3264 ΒΜ
478 3210 533 3280 (vel
550 3209 716 3266 recitatione
734 3212 775 3280 m)
841 3215 873 3263 lt
893 3210 942 3279 qui
953 3243 984 3248 --
996 3210 1066 3264 dicit
1084 3211 1100 3264 l.
1112 3215 1149 3264 16

139 3297 189 3336 om.
208 3291 230 3334 V
307 3286 339 3335 17
358 3297 423 3335 enm
441 3297 491 3338 om.
507 3294 527 3334 c
607 3287 640 3336 18
659 3285 755 3336 autem
771 3290 824 3335 BV
900 3281 1067 3349 permittite:
1086 3298 1149 3350 per-

138 3353 345 3423 mittiteth
430 3358 463 3406 19
483 3352 630 3423 indignam
647 3370 697 3407 em.
716 3362 738 3405 V
823 3358 855 3405 21
900 3352 1040 3406 raecedite
1060 3365 1080 3405 o

139 3423 191 3478 filii
205 3433 238 3477 Μ
288 3423 417 3494 exempla
435 3424 490 3494 (vel
508 3423 596 3478 filium
610 3422 760 3494 singularis
780 3370 900 3492 exempli
919 3423 950 3476 ia
963 3440 1048 3494 marp.
1063 3426 1104 3493 m)
1119 3433 1152 3476 Μ

140 3500 175 3549 24
193 3497 257 3560 ata
337 3499 371 3548 25
391 3495 597 3550 dubitationem
614 3504 667 3549 BV
748 3500 782 3548 26
800 3494 907 3548 habent
924 3502 1018 3560 BVec3
1037 3494 1148 3548 habetis

140 3568 217 3623 Desa.
291 3571 323 3621 at
343 3565 515 3636 impediata
585 3566 713 3622 valitudo
731 3575 764 3619 Μ
