2430 3952
413 192 648 249 baccaulum
666 192 844 248 xnn-ra
1067 191 1133 257 229

120 365 273 425 existimas
299 365 376 429 hanc
404 364 511 441 legatis
539 362 604 421 dari
626 362 769 438 peccandi
795 362 961 434 licentiam,
986 362 1021 418 ut
1044 379 1133 435 quae·

119 473 236 530 cunque
255 454 366 512 scelera
384 452 416 510 in
435 470 469 511 eo
489 451 586 510 officio
610 453 828 527 commiserunt,
847 470 914 510 cum
932 451 979 508 his
997 448 1133 508 omnibns

119 544 176 603 hac
199 562 260 602 una
286 543 351 619 lege
374 538 532 600 decidant?
578 559 595 599 0
618 541 744 598 nimium
766 540 956 599 invidendum
982 539 1070 597 huius
1092 538 1133 597 le·

120 632 251 710 gationis
279 630 495 703 condicionem,
518 631 544 688 si
566 629 623 688 tibi
646 632 676 688 et
698 630 807 688 famem
835 631 950 687 remisit
976 630 1007 686 et
1029 628 1133 704 legem.

91 738 106 780 s
189 720 248 780 Sed
275 721 434 780 erraverim
466 737 551 792 sane,
576 721 620 793 et,
648 719 858 794 quianullum
880 720 913 776 in
940 718 1004 775 foro
1032 717 1133 774 nostro

119 809 264 869 iudicium
291 810 363 883 fuit,
387 807 580 867 desuetudine
602 808 669 882 ipsa
690 809 757 866 iura
781 806 950 866 exciderint.
987 804 1134 881 quomodo

120 900 217 976 legem
240 914 338 958 meam
365 894 493 975 effugis?
537 915 608 954 nam
634 896 692 956 nisi
716 896 804 956 malis
832 899 950 971 stupeo,
978 894 1036 953 duo
1065 895 1135 952 sunt
1148 892 1188 948 1a

121 989 241 1047 omnino
260 986 386 1064 quaein
405 986 549 1045 eiusmodi
572 985 694 1045 crimine
713 985 816 1061 quaeri
839 985 967 1044 soleant:
993 1002 1031 1041 an
1053 983 1135 1041 laesa

121 1077 162 1136 sit
183 1076 359 1151 respublica,
383 1095 420 1133 an
443 1074 480 1134 ab
504 1093 538 1133 eo
559 1077 611 1150 qui
634 1074 778 1152 arguitur,
801 1074 890 1133 laesa.
927 1072 1084 1149 inquibus
1108 1071 1134 1130 si

78 1185 107 1225 rc
121 1165 193 1242 quid
217 1165 274 1224 tibi
296 1164 423 1223 fiduciae
441 1165 555 1237 fuisset,
577 1182 636 1222 non
656 1183 674 1222 a
693 1163 864 1223 criminibus
884 1162 1009 1221 erimina
1032 1160 1134 1237 appel-

120 1255 199 1314 lares
221 1272 276 1313 nec
298 1253 337 1312 ad
360 1254 486 1312 alteram
507 1271 635 1328 poenam
657 1253 867 1329 transfugeres,
891 1251 942 1312 sed
963 1253 994 1309 te
1017 1249 1055 1309 ab
1078 1250 1136 1308 hac

123 1363 199 1419 quae
222 1343 398 1417 intenditur,
420 1342 553 1400 tuereris.
925 1328 928 1333 ¹

189 1432 263 1490 Dico
286 1432 400 1491 laesam
423 1449 485 1490 esse
505 1429 728 1505 rempublicam.
766 1432 899 1488 oratione
918 1429 966 1487 hic
985 1446 1059 1504 opus
1083 1429 1135 1501 est,

122 1523 177 1580 aut
194 1521 378 1596 reliquorum
400 1538 481 1579 more
504 1520 710 1579 accusatorum
732 1519 787 1577 hoc
805 1537 883 1576 nunc
901 1518 976 1576 mihi
995 1534 1137 1592 quaeren-

81 1627 108 1671 1⁶
123 1610 195 1668 dum
223 1609 370 1685 quomodo
397 1627 444 1668 res
471 1608 570 1668 verbis
599 1605 801 1686 adgravetur?
845 1607 919 1666 adeo
946 1605 1064 1664 infirma
1093 1606 1137 1663 est

123 1699 341 1758 calamitatium
354 1695 518 1758 memoria?
542 1716 618 1772 quae
637 1698 662 1756 si
679 1698 781 1772 posset
799 1696 940 1770 excidere,
958 1714 1017 1754 non
1036 1695 1137 1754 tamen

122 1787 272 1846 narranda
285 1788 379 1861 vebia,
398 1786 450 1846 sed
461 1785 642 1846 ostendenda
657 1788 722 1849 erat
734 1786 823 1844 ruina
839 1783 969 1860 publiea.
1002 1782 1137 1861 agedum,

123 1877 149 1935 si
172 1876 298 1951 videtur,
322 1881 405 1935 extra
427 1877 529 1952 portas
552 1876 713 1951 prospicite
737 1874 874 1950 squalida
896 1892 967 1932 arua
991 1875 1020 1932 et
1043 1873 1136 1948 spinis

122 1966 235 2025 obsitas
258 1967 372 2043 segetes
401 1968 431 2023 et
458 1982 585 2024 semesos
613 1965 752 2023 arborum
780 1967 909 2022 truncos
954 1961 1053 2021 viduis
1077 1962 1137 2020 cul·

81 2073 109 2114 se
122 2057 188 2114 tore
216 2056 296 2133 agris
324 2057 425 2113 errant
448 2054 567 2113 asama
590 2055 692 2112 nostra
714 2053 885 2112 innocentes
912 2053 1006 2126 ferae,
1034 2053 1191 2154 inanes(

122 2144 213 2202 villae
232 2146 311 2217 sunt,
330 2146 360 2202 et
374 2142 491 2202 deserta
503 2143 655 2202 horream
668 2143 787 2200 ruinam
800 2141 1006 2218 procumbunt.
1036 2124 1136 2200 nullus

122 2232 249 2292 inversis
277 2235 377 2291 aratro
406 2231 500 2309 glebis
529 2249 650 2306 campus
673 2233 764 2305 nitet,
792 2231 908 2289 nullum
931 2231 1028 2289 solum
1051 2247 1137 2304 opere

122 2324 292 2381 renovatur.
338 2322 399 2379 iam
432 2322 496 2379 et'
488 2341 520 2378 rn
552 2323 723 2396 sequentem
755 2339 865 2379 aunum
897 2320 1006 2378 famem
1037 2319 1136 2376 timeo.

122 2411 217 2469 redite
244 2411 276 2468 in
304 2410 406 2470 domos
433 2413 561 2485 vestras,
588 2409 728 2468 videbitis
757 2410 860 2467 noxios
888 2409 969 2467 focos
997 2410 1027 2465 et
1054 2408 1137 2482 ignes

81 2499 194 2558 astabo
218 2499 396 2558 cadaverum
420 2500 564 2558 extinctos
598 2500 629 2557 et
650 2501 731 2557 tecta
757 2496 901 2556 mortibus
929 2497 1047 2574 gravia,
1071 2514 1138 2553 cum

122 2589 251 2647 maxime
282 2589 437 2647 inferimus
473 2590 506 2646 in
538 2588 669 2646 tumulos
701 2606 767 2646 ossa
803 2586 967 2661 insepulta,
1004 2584 1137 2642 ducimus

123 2679 243 2753 opertas
271 2679 423 2752 exequiaS,
451 2680 482 2735 et
509 2677 547 2734 ad
575 2677 760 2751 sepulturam
789 2674 907 2734 residua
937 2674 1138 2746 conferuntur,

123 2768 155 2826 et
176 2766 299 2834 tandem
322 2766 467 2825 cadavera
488 2766 553 2843 igni
575 2767 784 2841 permittimus.
821 2763 873 2821 ubi
891 2781 961 2822 vero
984 2763 1137 2820 universas

123 2855 255 2915 familias
286 2856 380 2914 fames
412 2855 551 2929 extinxit,
584 2874 661 2930 quae
687 2872 757 2928 pars
784 2852 914 2911 maxima
945 2854 1002 2925 est,
1034 2852 1138 2910 inanes

82 2962 110 3004 so
124 2945 228 3004 domus
253 2945 344 3003 situm
367 2944 491 3018 ducunt,
516 2945 615 3002 iacent
636 2943 758 3001 relictae
782 2944 844 3001 sine
864 2940 973 3002 herede
996 2939 1136 2998 sarcinae.

197 3112 340 3168 bnullum
358 3126 407 3168 cru.
423 3123 448 3166 1
498 3114 593 3167 nostro
613 3129 663 3167 om.
679 3122 711 3165 Β
764 3117 954 3167 7meamcm
965 3119 1002 3176 Β,
1021 3126 1096 3179 supr.
1107 3130 1139 3161 m

123 3185 262 3253 8quae
253 3203 295 3239 m.
320 3184 454 3252 quoniam
472 3193 500 3236 Β
570 3189 603 3237 10
621 3183 676 3236 tibi
694 3200 745 3239 cm.
759 3193 785 3236 1
853 3180 1016 3236 criminibus
1035 3198 1068 3234 ea
1086 3179 1138 3234 cri·

122 3256 252 3310 menibus
271 3266 299 3308 Β
384 3255 630 3309 12tuerereris11
713 3259 745 3307 13
765 3270 825 3307 esse
844 3267 925 3318 crus
1011 3257 1044 3305 14
1062 3266 1138 3304 more

123 3345 175 3382 om
189 3338 218 3380 Β
290 3333 322 3381 15
340 3327 482 3380 infirmtta
500 3336 546 3389 My
620 3331 652 3378 16
672 3324 867 3378 calamitatum
885 3334 937 3378 Mu
1006 3328 1038 3376 17
1057 3322 1138 3376 nobis

123 3408 191 3463 Meo*
260 3403 292 3452 18
312 3397 366 3451 sibi
384 3399 495 3452 videtur
513 3406 552 3465 Β;
572 3396 596 3449 si
614 3394 667 3450 tibi
686 3396 796 3450 videtur
814 3405 846 3449 Μ
913 3400 945 3449 19
965 3394 1132 3448 obsistasB
1103 3404 1137 3460 Β,

124 3506 239 3559 adelfi
325 3509 359 3558 20
378 3507 459 3558 crant
476 3513 504 3558 Β
588 3508 620 3556 21
640 3501 725 3556 nullis
743 3514 772 3556 Β
855 3509 889 3557 26
910 3482 1033 3568 maximd
1050 3510 1072 3552 V

124 3581 159 3631 28
177 3576 344 3630 tantundem
361 3585 413 3630 BV
