2430 3952
128 204 194 266 400
261 165 264 169 ’
443 199 830 274 11111111111111111.

127 372 249 429 falleris.
292 370 420 428 hominis
444 370 528 428 cuius
555 370 659 429 unicus
683 373 794 430 occisus
818 374 876 445 est,
903 389 980 428 uuus
1003 371 1151 431 inimicus

128 462 179 518 est.
226 460 264 518 D.
288 479 340 518 our
369 479 429 517 non
455 462 486 516 te
513 459 613 533 potius
642 479 732 534 quam
754 457 872 518 filium?
918 461 951 517 P.
975 460 1069 517 utin
1092 461 1151 520 illo

127 551 285 623 utrumque
308 547 480 623 perimeres,
503 547 629 622 ideoque
652 549 704 606 ille
728 550 839 608 occisus
864 551 917 622 est,
942 550 978 606 ut
1000 548 1152 625 viderem,

127 638 179 695 ille
198 637 312 710 fortior,
334 637 385 694 ille
409 637 510 711 quiin
533 655 601 694 mea
623 640 718 695 morte
739 637 853 712 aliquid
873 638 988 714 egisset.
1031 638 1073 696 D.
1095 657 1153 696 eur

126 745 185 784 non
205 723 326 785 ambos?
367 727 399 782 P.
416 728 486 801 quia
505 725 623 784 defendi
640 745 699 784 non
717 729 845 803 poteras.
883 728 921 784 D.
942 726 1007 801 quis
1025 746 1151 786 mecum
1182 749 1193 788 e

126 815 158 872 in
181 817 251 873 actu
274 813 377 873 stetit?
418 816 450 872 P.
474 814 590 873 facinus
614 816 655 874 sic
678 815 864 892 disposuisti,
890 835 926 874 ne
950 814 986 873 ab
1011 816 1074 874 alio
1100 835 1152 876 co·

126 906 229 982 gnosci
250 906 357 980 posset.
400 905 438 961 D.
464 922 535 978 quos
558 905 649 964 testes
677 902 819 964 adhibes?
859 906 892 962 P.
916 905 947 962 in
970 905 1024 962 has
1049 923 1152 983 angu-

122 995 199 1054 stias
223 993 337 1052 facinus
356 991 516 1067 strinxisti,
540 995 574 1050 ut
597 993 653 1052 soli
672 993 809 1052 adessent
832 995 884 1068 qui
906 996 1016 1069 ageret,
1041 996 1075 1051 et
1099 997 1152 1054 cui

126 1102 185 1140 non
212 1082 389 1142 crederetur.
435 1082 555 1140 fortuna
587 1084 678 1140 etiam
707 1082 781 1141 mihi
810 1084 873 1140 tam
905 1083 999 1140 socios
1030 1083 1152 1142 ademit

127 1190 217 1245 quam
240 1190 346 1230 servos.
388 1170 439 1228 ille
457 1170 532 1229 mihi
554 1189 609 1246 pro
629 1173 754 1246 utroque
773 1173 845 1229 erat.
887 1191 941 1246 pro
961 1171 1051 1230 sociis
1076 1190 1149 1231 san·
1168 1196 1192 1233 10

127 1262 193 1336 guis
216 1260 277 1334 hic,
305 1279 358 1334 pro
382 1260 474 1319 servis
497 1263 646 1318 tormenta
673 1262 760 1319 stent.
803 1261 841 1319 D.
865 1261 921 1318 hoc
950 1262 1051 1318 autem
1076 1281 1151 1336 pro-

126 1348 256 1406 bationis
279 1367 370 1425 genus
388 1351 467 1406 inter
485 1348 593 1407 liberos
611 1349 747 1424 iniquum
767 1352 819 1408 111.
861 1350 893 1406 Ρ.
913 1349 1030 1407 nullum
1056 1350 1151 1408 debet

126 1438 222 1495 videri
239 1439 376 1512 iniquum
395 1437 473 1512 quod
497 1441 542 1496 est
560 1439 689 1496 unicum.
731 1439 769 1497 D.
793 1457 847 1513 pro
866 1436 954 1495 fidem
973 1437 1151 1499 hominum!

127 1526 248 1601 11111011,
274 1526 426 1585 attendite.
469 1545 520 1585 eur
543 1546 602 1585 non
624 1526 656 1585 id
678 1529 780 1602 potius
803 1529 929 1603 egissem
950 1546 1004 1602 per
1027 1528 1151 1586 alium?

126 1617 159 1673 P.
183 1616 318 1691 quisquis
341 1616 476 1690 mandat,
502 1635 641 1694 magnam
669 1617 785 1674 sceleris
808 1617 994 1691 voluptatem
1018 1619 1149 1677 amittit.
1166 1638 1190 1678 11

127 1704 185 1762 duo
218 1705 419 1763 crudelissima
451 1705 642 1764 coniunxisti:
674 1707 709 1762 ut
740 1709 770 1763 et
801 1707 835 1763 tu
866 1706 990 1780 faceres,
1023 1709 1056 1763 et
1090 1726 1150 1784 ego

127 1793 265 1851 viderem.
307 1795 419 1852 Dour
436 1813 496 1851 non
520 1792 682 1852 adiuvisti?
723 1813 775 1852 cur
793 1812 852 1851 non
870 1812 1076 1868 percussorem
1101 1797 1148 1853 in-

126 1880 251 1942 vasisti?
292 1884 324 1939 P.
348 1883 404 1941 hoc
426 1883 474 1941 vel
497 1883 570 1942 socii
592 1883 640 1942 vel
658 1883 736 1942 servi
758 1886 895 1957 possunt.¹
931 1882 1032 1957 vultis,
1058 1884 1149 1944 inva-

127 1971 209 2043 dam,
238 1968 371 2028 iudices?
418 1972 483 2046 quis
513 1973 633 2029 interim
660 1971 811 2029 labantem
839 1969 984 2046 excipiet?
1026 1973 1067 2029 D.
1093 1992 1150 2032 cur

128 2060 233 2117 saltem
248 2078 307 2116 non
322 2057 477 2117 clamasti?
517 2062 550 2118 P.
566 2063 613 2119 cui
627 2063 743 2120 animus
758 2061 849 2134 abest,
864 2064 891 2119 ei
905 2080 1007 2118 vocem
1022 2066 1147 2136 quaeris
1163 2084 1188 2122 10

128 2146 250 2206 adesse?
281 2147 376 2205 filium
406 2167 505 2206 coram
534 2152 619 2224 patre
654 2150 784 2208 occidere
815 2152 959 2208 secretum
992 2152 1051 2224 est,
1082 2154 1147 2210 tor-

127 2236 234 2294 mentis
265 2240 365 2295 autem
393 2236 544 2311 publicum
573 2237 632 2296 fiet.
673 2239 712 2296 D.
736 2239 884 2298 libertatis
914 2242 1051 2314 respectu
1082 2243 1147 2299 tor-

127 2328 228 2384 menta
246 2345 303 2384 non
324 2326 439 2403 collige.
481 2327 513 2384 P.
529 2329 619 2384 immo
638 2346 707 2385 vero
727 2330 923 2386 conscientiae
941 2327 1147 2402 trepidatione

128 2415 206 2490 quod
225 2416 359 2490 torqueri
372 2416 524 2472 inimicum
538 2433 598 2472 non
616 2415 669 2474 vis.
706 2436 781 2492 quae
799 2420 852 2474 tua
868 2417 940 2475 haec
959 2418 1004 2474 est
1022 2417 1147 2490 pietas?

126 2505 165 2564 D.
190 2505 269 2562 malo
293 2508 322 2562 te
345 2506 409 2562 vita
432 2504 499 2561 frui.
541 2506 574 2561 P.
594 2508 679 2563 certe.
722 2505 773 2564 sed
792 2509 825 2564 ut
849 2510 949 2565 nostro
967 2508 1065 2580 magis
1090 2507 1144 2566 do·
1163 2528 1187 2568 11

127 2595 188 2651 1011
218 2594 335 2651 fruaris.
378 2613 443 2651 oum
474 2592 615 2669 effeceris,
645 2596 680 2652 ut
703 2598 816 2670 optem,
846 2613 905 2652 non
932 2597 1016 2669 potes
1044 2600 1147 2674 magis

122 2685 267 2757 ,torquere
292 2701 382 2757 quam
409 2684 557 2740 tormenta
584 2701 700 2759 negare.
745 2685 784 2741 D.
808 2684 942 2742 misereri
968 2683 1098 2759 debetiS,
1130 2705 1147 2746 0

126 2772 248 2846 iudices,
272 2773 403 2846 corporis
422 2775 526 2847 sponte
549 2772 703 2847 perempti.
744 2774 777 2831 P.
798 2774 913 2831 animae
934 2773 1035 2848 potius
1054 2776 1147 2834 mise·

126 2865 260 2935 reantur,
290 2859 405 2935 corpori
432 2879 492 2918 non
514 2864 647 2935 parcant.
693 2862 733 2920 D.
757 2860 830 2920 adeo
860 2863 1037 2936 composuit,
1068 2863 1147 2922 adeo

127 2949 258 3024 firmavit
283 2952 427 3024 animum,
451 2952 606 3008 tormentis
634 2968 693 3008 non
720 2949 838 3009 diffidit.
880 2951 912 3007 P.
936 2952 1087 3010 neminem
1112 2953 1146 3010 in
1162 2975 1186 3013 sc

127 3040 282 3096 tormentis
301 3039 461 3096 comitatur
479 3040 602 3097 animus.
639 3041 671 3097 in
695 3039 918 3113 quaestionibus
940 3041 1059 3098 tantum
1079 3060 1146 3100 cor-

128 3147 201 3201 pora
225 3146 333 3185 sumus.
374 3129 413 3186 D.
434 3127 507 3185 adeo
527 3127 616 3186 durus
636 3131 688 3202 est,
711 3129 823 3187 utnon
842 3129 985 3187 laedatur.
1027 3130 1061 3186 P.
1083 3150 1148 3189 non

200 3367 390 3435 odoposuisti
412 3376 458 3419 VB
536 3373 568 3419 19
587 3385 603 3421 0
622 3368 729 3422 iudices
749 3378 826 3422 ΜΒ
903 3369 1046 3422 labentem
1067 3380 1150 3425 ΗΒ

129 3437 320 3490 1011111111
337 3448 383 3490 VB
448 3439 571 3507 quaeris:
587 3439 746 3494 1111111Β1.
811 3445 845 3492 23
860 3440 975 3508 colligo:
992 3441 1101 3510 recipio
1119 3454 1148 3498 11

128 3509 436 3577 24qu0d2qua1rrn
512 3512 574 3565 tua:
597 3511 678 3564 tanta
697 3512 850 3578 mium
929 3513 1079 3581 26potest
1100 3524 1150 3568 w

128 3586 162 3633 28
178 3581 320 3649 perempti
339 3590 375 3634 P:
395 3580 537 3648 pereuntis
557 3591 634 3635 RVB
704 3587 737 3635 30
757 3582 856 3636 defidit
877 3592 923 3634 VB
