2430 3952
376 178 610 233 1111111111
628 179 667 233 111
685 185 780 234 a-10.
1021 181 1084 246 175

76 348 175 408 dicare
196 349 351 424 parentem
373 366 480 406 meum.
518 350 673 422 sustineas,
697 349 828 422 adiuves,
850 353 982 424 praestes
1002 350 1088 410 affec·

75 440 150 512 tum,
173 439 199 496 si
220 455 342 495 mereor.
387 437 422 495 tu
445 439 484 496 sis
507 438 555 495 illi
576 439 706 497 vicarius
728 433 831 498 meus'

142 526 205 585 Nec
227 526 316 601 plura
338 525 455 584 dicendi
477 528 594 602 tempus
617 527 683 585 fuit.
728 528 849 602 iamque
877 546 1015 603 suprema
1038 547 1092 603 per

77 616 194 692 galeam
212 614 350 672 dederam
372 615 481 689 oscula,
505 615 702 692 digressisque
724 617 756 672 in
776 616 925 675 diversum
945 618 1090 676 ministris
1140 681 1141 684 Ἴ

51 705 237 780 spermissus
263 703 344 762 Mars
372 707 444 762 erat.
491 723 507 762 o
532 723 622 779 quam
649 704 796 764 sollicitus
824 705 969 780 spectavi!
1001 725 1091 781 quam

77 795 208 852 attonita
230 792 341 851 mente!
368 811 458 868 quam
481 794 573 852 simili
596 795 727 869 corporis
750 794 847 852 motu!
893 796 1030 870 quotiens
1054 795 1093 853 ad

76 883 219 942 infestum
235 900 415 956 mucronem,
439 884 525 956 quasi
542 884 606 958 ipse
624 884 748 958 paterer,
769 902 816 941 me
835 884 982 942 summisi!
1020 902 1090 958 quo·

77 973 154 1031 tiens
178 971 216 1029 ad
238 972 361 1030 conatus
385 972 498 1029 erectus
522 971 600 1031 sum!
637 991 654 1030 o
677 973 786 1030 misera
810 974 962 1048 cogitatio,
986 991 1003 1029 o
1027 991 1092 1030 cru·

78 1061 151 1119 ‹lelis
174 1061 284 1118 natura
306 1060 415 1118 metus!
444 1061 551 1118 merito
578 1063 626 1134 tu,
654 1063 760 1134 amice,
788 1080 922 1138 pugnare
948 1061 1091 1122 maluisti.

38 1171 64 1211 11
78 1149 192 1208 facinus
215 1149 372 1225 indignum
393 1149 481 1207 illum
504 1151 650 1222 animum,
673 1150 759 1207 illum
782 1151 918 1209 ardorem
940 1170 1000 1209 non
1024 1169 1092 1209 oon·

77 1240 182 1316 tigisse
205 1239 322 1311 castris,
350 1256 410 1295 non
437 1237 551 1297 bellicis
575 1238 799 1313 certaminibus,
827 1239 879 1297 ubi
901 1258 974 1298 vera
995 1241 1092 1298 virtus

78 1328 164 1386 nulla
185 1325 340 1404 pugnandi
361 1327 426 1404 lege
449 1326 779 1401 praeoiroumscribitim.
817 1346 876 1402 qua
894 1329 925 1388 vi
945 1328 1093 1404 proelium

78 1416 229 1475 invaserat
254 1415 350 1474 iratus
377 1417 540 1473 etiamnum
567 1419 721 1491 tamquam
749 1415 918 1475 adversario
947 1435 1026 1491 meo,
1055 1416 1094 1474 ad

78 1523 179 1564 omnes
211 1505 339 1579 impetus
372 1503 574 1580 excipiebatur
606 1504 713 1563 callide
745 1506 879 1563 veterani
915 1505 1092 1583 gladiatoris

39 1616 64 1656 11
79 1597 159 1654 astu:
183 1611 283 1653 omnes
303 1595 426 1652 conatus
445 1596 549 1652 contra
568 1611 601 1652 se
619 1596 711 1652 erant.
749 1613 803 1652 nec
821 1593 973 1652 difficilem
990 1597 1092 1652 tamen
1135 1655 1137 1660 ,

78 1684 132 1743 sub
154 1682 208 1741 illo
232 1683 407 1757 praesertim
426 1684 649 1742 auctoramento
667 1682 820 1742 habuisset
837 1685 1017 1757 missionem,
1040 1683 1092 1740 sed

78 1772 176 1830 noluit
198 1771 348 1849 gladiator
365 1773 472 1831 vivero.
509 1771 601 1848 igitur
623 1773 685 1831 iam
707 1771 820 1829 nudum
838 1790 943 1848 corpus
962 1773 1091 1831 vulneri·

79 1861 133 1919 bus
147 1859 280 1935 offerens,
297 1863 332 1918 ut
349 1863 446 1918 totam
458 1879 551 1935 prope
569 1860 732 1919 mercedem
748 1860 838 1919 semel
854 1862 990 1935 solveret,
1010 1862 1093 1920 stans

78 1951 175 2026 periit.
222 1951 270 2008 oui
296 1949 385 2008 licuit
411 1949 443 2007 in
470 1950 582 2024 patria,
609 1949 640 2006 in
669 1949 770 2024 domo,
796 1949 876 2008 inter
901 1950 1093 2025 propinquos,

39 2060 65 2100 so
80 2057 181 2099 securo
196 2057 401 2097 consenescere
415 2057 497 2113 aevo,
516 2039 566 2097 cui
582 2038 777 2114 tranquillam
791 2039 854 2097 sine
867 2038 1093 2114 reprehensione

80 2147 168 2205 agere
186 2128 289 2202 vitam,
312 2127 390 2186 iacet
410 2127 559 2186 confectus
577 2127 758 2203 vulneribus,
781 2130 811 2186 et
833 2128 929 2203 primo
952 2129 1091 2187 iuventae

78 2217 150 2276 flore
172 2216 327 2275 fraudatus
350 2217 439 2292 periit
461 2219 551 2275 miser
572 2217 636 2275 fato
654 2234 728 2275 meo.
766 2215 798 2276 at
821 2236 875 2294 ego
895 2217 947 2291 qui
965 2216 1093 2276 debebar

79 2306 125 2363 illi
151 2306 301 2379 fortunae,
330 2325 419 2380 quem
445 2324 524 2363 mors
548 2305 605 2364 sibi
630 2305 843 2380 destinaverat,
871 2308 994 2365 emissus
1021 2305 1093 2365 ludo

79 2394 232 2455 nocentior
255 2414 344 2469 quam
371 2393 510 2453 venditus
535 2395 624 2452 etiam
647 2394 758 2454 viatico
785 2395 867 2453 illius
896 2395 1024 2453 infelicis
1046 2413 1092 2451 re·

39 2486 187 2544 revertor.
232 2484 402 2558 placeamus
425 2483 495 2542 licet
517 2482 602 2542 nobis
624 2484 745 2542 fortuna
767 2486 878 2557 nostra,
900 2486 994 2558 pater,
1017 2502 1091 2559 pau-

81 2575 146 2648 peri
170 2571 309 2631 solvendo
332 2591 392 2631 non
415 2590 524 2631 sumus.

148 2661 179 2720 Si
208 2679 266 2736 qua
294 2663 339 2719 est
365 2660 451 2736 fides,
482 2660 607 2736 iudices,
635 2661 727 2735 pudet
753 2680 800 2719 me
828 2662 932 2719 eontra
960 2659 1146 2719 1111111111

79 2769 146 2808 mea
172 2749 326 2825 beneficia,
358 2769 412 2808 nec
439 2749 542 2808 videor
569 2749 653 2809 vobis
682 2750 830 2809 rationem
858 2767 942 2825 posse
971 2748 1093 2808 reddere

152 2965 311 3032 ipraestet
328 2972 356 3015 B
426 2962 568 3017 tdioenti
589 2972 610 3015 V
678 2960 883 3016 elucratur!
944 2968 1022 3016 'lme
1041 2980 1091 3018 om.

80 3042 165 3098 Bvso
232 3036 375 3102 peterets
447 3039 480 3087 10
507 3033 646 3104 configis}
665 3037 746 3105 (2-3
765 3035 878 3103 litter.)
897 3043 935 3101 83
960 3033 1093 3102 contigis-

82 3107 124 3159 set
141 3113 163 3157 V
214 3111 246 3158 12
265 3104 572 3175 praecircumscribitur
590 3106 668 3160 Desa.
679 3123 708 3174 p.
721 3110 766 3172 96,
783 3106 818 3172 cf.
836 3111 917 3172 1111
936 3105 1093 3175 praemium

81 3176 212 3230 scribitur
230 3198 252 3229 ω
269 3183 380 3247 practer
397 3186 427 3244 J,
450 3179 500 3231 ubi
515 3176 728 3246 praescribitur3
751 3177 866 3245 praevia
889 3175 1093 3230 circumscribi-

80 3250 127 3301 tur
144 3247 202 3303 Scb.
295 3254 327 3301 13
346 3247 434 3302 etiam
452 3261 542 3312 none
629 3264 705 3302 meo:
725 3248 865 3314 imm01’3
889 3257 1021 3316 ymmos

82 3325 115 3373 14
138 3318 267 3372 omnisv
344 3325 377 3374 15
401 3318 490 3373 omnis
504 3328 546 3383 Bo
628 3323 660 3372 16
683 3317 854 3387 praesentim
876 3328 897 3370 V
974 3317 1092 3372 181111·

79 3405 144 3444 rens
163 3402 184 3442 o
243 3406 342 3460 prope:
361 3406 480 3460 propere
499 3390 572 3457 Scb.;
591 3407 642 3459 pro
660 3405 705 3442 me
724 3392 780 3444 Bu.
848 3395 880 3443 21
902 3389 1035 3444 confictus
1053 3398 1092 3456 15;

80 3462 220 3613 gonfietus
238 3497 280 3556 M,
299 3487 342 3542 vel
361 3487 504 3542 confectus
521 3509 553 3540 m
607 3493 642 3541 24
660 3504 757 3556 quam:
781 3488 857 3556 quod
876 3497 904 3559 Β
955 3491 989 3540 28
1008 3487 1093 3540 bene-

100 3575 145 3614 111
163 3575 226 3622 mea
245 3573 260 3624 1
