2430 3952
371 214 605 274 DECLAMATIO
625 215 651 274 V
666 226 778 275 11—-1a
1038 219 1080 285 99

65 389 208 449 nascendi
230 390 322 464 locus,
344 388 430 447 illum
449 388 609 466 gratiorem
626 390 707 464 patri
724 389 796 447 fecit
818 389 955 448 infantia.
989 390 1083 448 alium

66 478 176 538 laetior
200 479 304 538 vultus
335 482 366 537 st
397 477 534 537 blandior
566 478 673 536 osculis
706 478 948 554 amplexibusque
981 479 1081 555 facies,

65 568 214 644 quosdam
235 569 332 644 magis
355 567 498 626 severitas
521 567 714 643 probitasque
733 567 926 627 commendat.
963 567 995 625 in
1016 569 1081 643 qui·
1171 589 1174 594 ¹

64 656 193 716 busdam
224 656 391 733 diligimtur
426 657 632 731 impatientius
663 656 859 715 calamitates.
910 658 940 714 et
972 656 1082 715 damna

35 766 49 807 a
65 762 224 822 corporum
248 744 475 820 debilitatasque
493 745 692 804 membrorum
709 745 872 804 notabilius
890 746 1081 804 miseratione

65 829 298 911 complectimur.
340 835 426 893 salva
448 836 615 893 esttamen
637 835 825 908 universitas,
849 853 915 892 cum
938 834 1082 910 quiequid

64 925 99 982 in
123 923 182 982 alio
211 941 324 982 cessare
352 924 490 997 creditur,
517 924 548 981 in
572 923 665 982 altero
692 923 824 982 restituit
847 924 923 981 alter
950 923 1080 981 affectus.
1171 964 1173 971 >

64 1028 186 1072 securus
209 1011 259 1087 sis,
282 1030 341 1070 non
358 1011 541 1070 intercidunt
556 1013 625 1086 ista,
648 1030 708 1070 non
725 1015 859 1088 pereunt,
882 1011 933 1070 sed
951 1011 1078 1071 invicem
1143 1014 1149 1023 ‘

63 1103 198 1176 meunt,
220 1102 403 1176 praevalent,
427 1101 542 1160 cedunt
579 1100 641 1159 filio
659 1118 719 1160 non
737 1104 836 1177 potest
853 1101 1003 1183 praeferri·
1019 1101 1078 1160 nisi

18 1190 154 1252 millius.
199 1189 345 1264 blandiar,
372 1190 498 1265 iudices,
525 1190 678 1265 paulisper
704 1191 923 1249 calamitatibus
945 1190 1020 1249 meis
1048 1193 1080 1248 et

64 1279 109 1339 sic
141 1296 245 1356 agam,
276 1281 432 1355 tamquam
464 1279 544 1354 apud
575 1278 688 1354 piratas
720 1280 884 1337 invenerim
916 1281 1078 1354 utrumque

64 1387 180 1427 sanum.
224 1368 315 1426 attuli
337 1367 400 1427 sine
423 1367 512 1426 dubio
535 1368 663 1444 pretium
687 1367 821 1442 duorum,
844 1367 895 1426 sed
917 1370 1078 1442 utrumque

64 1457 178 1534 praedo
204 1475 265 1516 non
291 1456 398 1516 reddit.
444 1456 530 1515 offert
560 1456 746 1515 electionem:
778 1456 898 1515 suadete
931 1456 1002 1532 quid
1033 1458 1077 1514 fa·
1141 1508 1144 1513 .

65 1546 151 1605 ciam.
198 1545 270 1621 quid
293 1543 391 1605 diois?
424 1540 479 1604 ‘ita
501 1546 598 1622 pietas
621 1549 673 1621 est,
698 1545 787 1621 abire,
811 1545 968 1619 discedere,
990 1545 1079 1603 irasci

19 1655 50 1697 rs
65 1635 194 1710 scilicet,
223 1635 306 1710 queri
333 1636 364 1694 et
389 1635 535 1693 invidiam
563 1634 660 1692 facere
687 1629 810 1710 piratis'
838 1653 891 1693 vos
917 1636 1079 1710 interrogo,

63 1723 167 1800 liberi,
194 1742 261 1798 vos,
287 1726 439 1799 parentes:
466 1741 526 1782 non
549 1741 618 1799 ergo
642 1723 757 1782 facinus
785 1726 829 1782 est
851 1723 917 1782 ideo
940 1726 1079 1782 neudum

63 1812 222 1887 redimere,
254 1812 326 1888 quia
360 1815 520 1887 utrumque
556 1830 615 1870 non
651 1810 769 1888 possis?
818 1812 936 1890 egregia
972 1814 1078 1888 pietaS,

64 1918 194 1978 aequare
216 1902 325 1960 liberos
343 1901 460 1960 iustitia
483 1901 706 1977 desperationis,
729 1904 759 1959 et
782 1919 816 1959 ex
839 1901 895 1960 hoe
916 1901 995 1976 quod
1013 1919 1077 1959 suo·

65 2008 184 2050 currere
207 2009 267 2049 non
285 1991 432 2068 contingit
454 1990 578 2063 duobus,
601 1989 760 2048 orbitatem
782 1991 879 2048 faeere
902 1991 1004 2048 totam.
1038 1992 1077 2048 tu

19 2096 146 2154 severe,
168 2082 312 2154 senectus,
335 2080 435 2155 accipe
459 2078 600 2154 quicquid
624 2079 720 2155 datur,
747 2080 846 2155 accipe
870 2078 1011 2154 quicquid
1033 2080 1076 2138 of·

62 2166 169 2243 fertur,
192 2168 265 2226 dum
286 2168 343 2227 hoc
360 2169 467 2226 saltem
489 2167 604 2227 feritati
626 2168 709 2242 libet,
733 2171 890 2243 antequam
910 2169 942 2226 in
960 2169 1076 2244 patien-

62 2258 141 2316 tiam
163 2259 227 2315 tarn
250 2274 339 2316 saeva
361 2257 502 2316 decrescit
524 2259 703 2315 immanitas.
748 2257 869 2315 interim
891 2257 987 2314 multa
1008 2273 1075 2332 pos-

61 2348 135 2405 sunt
158 2345 262 2404 afferre
286 2362 383 2406 casus:
402 2362 525 2421 sperare
548 2346 627 2420 licet,
649 2346 807 2422 repeteris,
831 2364 959 2421 sperare,
981 2348 1074 2421 pater,

62 2435 200 2495 fortassis
223 2435 338 2494 evadat.
385 2453 579 2510 quaeeunque
602 2434 743 2509 explicari
771 2435 993 2494 coacervatione
1015 2452 1075 2492 non

16 2545 47 2587 se
60 2527 202 2601 possunt,
232 2543 287 2599 per
316 2527 417 2600 partes
449 2526 586 2599 vicesque
605 2526 782 2597 ¹servantur,
819 2527 849 2582 et
880 2523 997 2581 facilius
1030 2525 1075 2581 est

62 2613 161 2672 divisa
192 2611 363 2672 subtrahere
395 2631 521 2688 quorum
552 2611 726 2690 magnitudo
757 2612 875 2671 laborat
906 2613 939 2670 in
970 2610 1073 2670 solido.

62 2703 210 2778 quantum
231 2700 383 2779 intellego,
405 2702 525 2776 iudices,
548 2701 628 2760 filius
647 2703 695 2760 cui
715 2703 905 2776 profuturum
923 2719 984 2758 non
1002 2703 1076 2776 erat,
1087 2701 1125 2756 13

61 2794 98 2850 ut
120 2791 274 2869 eligerem,
302 2790 357 2849 hoe
380 2792 477 2849 solum
499 2792 575 2850 ferre
598 2810 658 2849 non
680 2793 780 2865 potest
803 2789 880 2865 quod
902 2789 1073 2865 redemptus

60 2882 109 2940 est
130 2880 231 2939 trater.
269 2875 343 2954 quis
356 2879 442 2954 hanc,
464 2879 585 2954 iudices,
607 2879 822 2955 impudentiam
845 2875 945 2936 ferat?
982 2879 1074 2938 obicit

14 2991 46 3033 ao
60 2969 137 3028 mihi
160 2967 239 3044 quod
266 2968 363 3027 ullum
391 2968 427 3026 de
453 2968 553 3027 liberis
580 2969 653 3027 meis
676 2968 824 3043 potuerim
851 2967 947 3026 iacere
971 2967 1073 3026 discri-

60 3073 139 3117 men.
185 3056 290 3116 deinde
323 3058 460 3133 queritur
490 3076 550 3116 non
583 3059 739 3132 sepotius
772 3057 912 3130 electum,
946 3059 976 3114 et
1005 3075 1072 3115 cum

134 3251 149 3299 1
167 3244 301 3300 noscendi
318 3254 341 3297 V
389 3244 463 3314 patri
477 3246 538 3299 Ba:
557 3245 634 3313 prior
648 3257 713 3311 wrm
732 3259 781 3298 om.
793 3257 808 3308 c
821 3245 865 3314 (of.
881 3245 959 3298 Desa
971 3261 1000 3311 p.
1011 3246 1071 3313 83);

61 3315 234 3386 praefcoits
318 3315 530 3370 Sintercedunt
547 3325 575 3369 Β
654 3315 756 3369 9nisi:
775 3316 832 3369 rasi
850 3324 878 3368 B
958 3320 990 3368 13
1009 3316 1070 3368 red-

61 3387 182 3443 didita
270 3393 302 3441 16
326 3386 390 3440 ideo
409 3400 490 3452 orac
579 3387 831 3442 salmonum
909 3396 1000 3454 quot

61 3465 97 3514 20
114 3475 178 3513 vere
197 3467 229 3511 M
284 3464 317 3512 21
336 3458 475 3528 patientia
494 3467 527 3510 M
580 3464 612 3511 22
632 3459 775 3512 decrescat
788 3467 820 3511 M
872 3463 905 3511 23
924 3456 1069 3525 repeteris:

59 3529 220 3600 repeteritis
237 3539 278 3598 123
295 3532 425 3601 repetere
440 3538 472 3582 M
489 3529 542 3600 (vel
560 3529 694 3600 repeteris
712 3546 786 3600 capr.
801 3532 842 3600 m)
857 3541 877 3581 c
946 3533 979 3580 29
998 3527 1071 3582 hane

60 3616 112 3658 osu.
126 3610 162 3670 a,
181 3600 278 3656 aad.»
341 3600 450 3655 audias
468 3610 495 3653 a

897 3687 936 3741 v
