2430 3952
139 166 207 232 ’294
526 167 629 224 Amol
646 166 766 222 VADES
847 214 849 220 ,

113 336 115 340 '
138 337 193 396 bus
216 336 354 396 humanis
377 337 455 395 hunc
479 355 541 397 esse
564 336 685 397 nolebat
708 336 859 412 affectum,
882 335 1060 414 decipimus,
1086 338 1163 398 dum

140 428 332 502 tcmptamur-

105 512 123 569 4
208 514 273 592 Ego
295 533 355 574 non
376 515 510 590 invenio,
533 534 585 574 cur
606 515 726 574 horreat
748 518 844 574 mater
867 531 977 589 arcem,
1000 514 1077 591 quid
1102 517 1162 576 sibi

138 604 213 663 velit
236 604 323 679 quasi
349 603 514 664 destinatas
542 605 658 681 operire
681 604 816 664 cervices.
862 622 921 663 non
945 604 1010 664 odit
1038 624 1087 664 me
1112 609 1161 682 ty·

138 710 249 751 rannus
277 695 360 753 onius
388 711 447 752 non
474 692 611 768 interest,
643 712 682 751 an
711 694 803 752 alium
836 691 959 752 occidat.
1004 694 1161 770 miserere,
1187 714 1198 756 s

138 784 245 857 mater,
275 783 301 840 si
328 781 394 859 quis
423 785 468 841 est
494 800 670 860 magnorum
695 784 871 862 meritorum
897 781 1001 857 pudor,
1032 800 1160 858 querere

138 871 194 930 hoo
215 890 308 929 unum
331 870 368 929 de
387 871 544 930 caecitate:
566 871 772 947 impatientius
796 888 830 928 ex
852 870 937 931 nobis
961 873 1058 930 amari
1081 889 1160 933 sem·

137 979 191 1037 per
209 960 370 1020 absentem.
408 960 455 1019 cui
473 963 507 1019 tu
525 960 672 1035 fortunae,
695 961 803 1036 quibus
821 959 1049 1020 necessitatibus
1067 961 1160 1022 inicis

137 1047 281 1108 menum?
325 1067 372 1107 me
397 1048 434 1106 ad
462 1049 590 1108 amioum
616 1069 716 1108 meum
739 1049 932 1108 admitterent
959 1049 1084 1109 alterius
1110 1069 1160 1110 ca·

136 1140 224 1197 tenae
246 1139 382 1213 tyranni,
409 1155 489 1196 nunc
510 1138 584 1196 mihi
611 1141 713 1214 portas
741 1137 883 1213 aperiret,
912 1137 1044 1197 subsidio
1068 1141 1159 1199 navi·
1173 1161 1197 1200 rc

138 1227 222 1304 gium
249 1226 348 1302 pirata
376 1229 550 1301 praestaret.
596 1229 623 1286 si
644 1227 825 1286 mehercules
849 1229 917 1286 ante
945 1246 1084 1302 morerer,
1114 1229 1158 1289 ire

138 1315 266 1391 deberes,
288 1319 393 1389 mater,
416 1315 455 1374 ad
478 1316 564 1375 diem.
601 1315 709 1375 misera
732 1334 791 1375 non
814 1315 963 1394 intellegis
987 1319 1103 1391 quanto
1127 1314 1158 1376 te

137 1405 233 1482 magis
256 1407 322 1480 pius
346 1404 524 1482 obligaverit
546 1402 680 1464 amicus?
702 1406 769 1482 plus
788 1405 876 1464 debes
899 1404 1012 1464 homini
1031 1408 1085 1481 qui
1110 1427 1158 1466 me

136 1493 194 1552 tibi
221 1485 348 1567 remisit,
376 1513 410 1552 ex
437 1513 496 1570 quo
524 1494 590 1571 pati
616 1514 676 1552 non
703 1497 803 1569 potae,
831 1496 867 1552 ut
893 1496 1033 1553 revertar.
1080 1495 1159 1555 libet

137 1583 332 1656 mehercules,
359 1582 484 1656 iudiceS,
511 1582 584 1641 libet
607 1582 739 1642 misereri
767 1583 921 1642 hominum
945 1585 997 1658 qui
1018 1603 1066 1642 me
1090 1585 1196 1645 lau-1⁶

137 1671 211 1730 dant
232 1674 438 1731 revertentem.
484 1672 596 1730 amicus
617 1671 693 1731 mihi
716 1671 849 1746 credidit,
872 1676 908 1731 ut
929 1671 1065 1731 redirem.
1111 1675 1159 1733 ita

136 1780 214 1820 nunc
237 1780 291 1838 ego
314 1760 392 1819 facio
415 1780 477 1820 rem
499 1779 649 1839 magnam,
672 1779 726 1839 ego
749 1780 815 1820 sum
837 1761 889 1820 ille
912 1760 1008 1820 bonus
1029 1761 1159 1837 amicus,

136 1849 187 1908 ille
214 1849 374 1924 mirabilis,
406 1850 457 1908 ille
484 1849 658 1910 narrandus.
703 1850 730 1909 si
759 1869 818 1925 qua
844 1849 969 1908 dicentis
999 1848 1071 1910 fides
1102 1855 1159 1927 est,

136 1939 252 1998 facinus
279 1938 354 1997 mihi
376 1939 507 2013 videtin,
536 1937 615 2015 quod
643 1939 703 1997 scio
730 1957 777 1996 me
805 1958 865 1998 non
891 1956 953 1998 esse
975 1941 1159 2015 periturum

205 2026 314 2102 Sentit,
342 2027 467 2102 iudices,
493 2030 523 2086 et
545 2029 611 2103 ipsa
635 2030 731 2086 mater
752 2045 816 2085 rem
839 2047 869 2086 se
892 2028 990 2087 facere
1013 2029 1159 2104 turpissi-
1172 2050 1198 2091 ro

137 2133 230 2189 mam,
259 2117 284 2174 si
306 2117 481 2175 necessitate
505 2116 647 2175 detinear.
693 2117 795 2192 itaque
822 2116 930 2176 mulier
953 2136 1028 2193 quae
1057 2117 1160 2180 adhuc

138 2204 174 2263 de
205 2204 311 2262 affectu
341 2208 447 2263 cuncta
476 2207 600 2280 fecerat,
632 2206 669 2264 ad
701 2205 797 2283 legem
828 2205 925 2266 subito
958 2207 1160 2267 convertitur.

102 2291 281 2368 tipessima,
307 2293 432 2368 iudices,
460 2312 549 2353 causa
571 2296 676 2354 matris
699 2297 757 2369 est,
781 2296 813 2352 in
838 2313 897 2370 qua
919 2295 1084 2370 plurimum
1109 2298 1163 2357 lex

137 2385 243 2457 potest.
276 2376 401 2441 ‘liberi
423 2386 593 2458 parentes
613 2384 654 2442 in⁴
669 2384 882 2443 calamitate
900 2403 942 2442 ne
961 2383 1160 2446 deserant.'

136 2473 252 2530 facinus
272 2474 324 2547 est,
347 2471 468 2548 iudices,
490 2473 547 2532 hoe
564 2473 624 2532 dici
642 2473 755 2532 homini
773 2491 899 2532 reverso.
936 2474 981 2532 ita
999 2492 1079 2532 nunc
1099 2495 1161 2554 ego
1175 2496 1201 2538 as

209 2675 357 2729 lvolebat
375 2685 407 2728 M
476 2677 670 2742 3horrear1,
690 2693 804 2732 corum
877 2692 1016 2731 carcerem
1036 2684 1083 2731 Ns

138 2781 257 2836 tonius
276 2782 468 2837 misericordia
486 2801 542 2838 non
560 2792 583 2835 V
649 2799 717 2837 non:
742 2800 816 2836 nunc
835 2791 867 2836 Μ
936 2764 1036 2837 miibre
1055 2794 1085 2837 Β

138 2859 153 2905 6
178 2853 240 2921 quis
263 2870 409 2924 magorum
433 2864 474 2922 M,
497 2871 565 2909 corr.
580 2876 612 2907 m
716 2861 731 2909 7
754 2855 808 2908 hoc
827 2854 896 2908 Bra:
921 2855 997 2923 quod
1015 2876 1051 2921 ως
1077 2860 1161 2925 quod

137 2941 224 2978 unum
243 2924 269 2979 d.
285 2941 307 2978 c.
322 2927 402 2994 potes
422 2927 499 2980 Desa.
515 2944 545 2995 p.
560 2930 596 2980 89
651 2925 753 2980 amaris
773 2947 808 2992 o,
827 2936 928 2980 corut
989 2931 1005 2978 8
1023 2926 1162 2984 fortunas

137 3015 173 3062 ‹e;
196 3011 264 3049 corr.
281 2996 343 3052 oce.
415 2996 542 3051 fortunas
560 2996 674 3051 uberius
692 2986 911 3067 impraedebaris
930 2996 1032 3066 quibus
1052 3007 1086 3050 M

137 3065 260 3119 inimicis
278 3077 331 3120 BV
345 3071 371 3138 (c
389 3085 422 3122 ec
440 3073 508 3123 corr.
527 3069 555 3136 V)
645 3073 661 3122 9
681 3069 843 3122 admitteret
861 3082 888 3135 βς
910 3069 1043 3123 admittas
1064 3082 1085 3122 u

58 3167 64 3176 ·
138 3135 403 3208 alterius—portes
422 3141 439 3194 l.
450 3144 486 3194 10
504 3156 554 3194 om.
570 3152 591 3192 o
660 3142 788 3194 catenae:
808 3141 924 3194 catenae
943 3141 972 3194 et
991 3149 1031 3204 Μς
1052 3143 1162 3199 catena

139 3209 168 3261 et
184 3209 296 3276 reliqci3
319 3227 386 3265 corr.
401 3212 480 3266 Dece.
496 3227 526 3280 p.
543 3215 579 3265 75
670 3216 704 3264 10
722 3213 858 3279 tyrannus
878 3219 922 3275 Me
1012 3210 1160 3269 subsidio:

138 3314 254 3369 fastidio
274 3325 306 3368 Β
389 3323 420 3370 12
441 3282 535 3373 ddiem
552 3326 581 3370 Β
637 3362 639 3366 .
661 3322 694 3371 13
712 3317 789 3386 pius:
808 3315 872 3385 plus
891 3339 913 3370 ω
929 3324 1163 3391 praeteriitque

138 3403 203 3453 om.;
222 3403 289 3442 corr.
307 3386 356 3442 Gr.
410 3388 460 3455 qui
473 3405 518 3442 me
534 3398 625 3443 eoasr
695 3394 727 3442 14
745 3389 840 3457 potest
857 3397 879 3440 V
938 3392 970 3442 ut
988 3405 1043 3442 non
1063 3405 1162 3447 rever-

138 3459 183 3511 tar
202 3466 235 3511 Β
299 3464 332 3511 15
351 3458 451 3513 misere
469 3470 497 3513 Β
564 3465 596 3513 17
615 3475 701 3513 nunc:
720 3475 776 3512 non
795 3469 823 3512 Ρ
881 3465 913 3512 18
932 3460 1103 3516 miserabilis
1125 3486 1161 3533 ω,

135 3559 239 3602 corus
311 3553 342 3600 21
363 3548 490 3602 detineor
508 3557 529 3600 ν’
597 3553 630 3602 22
650 3534 752 3601 affecti
766 3557 794 3600 Β
