2430 3952
367 193 601 250 DEOLAMATIO
620 196 754 250 xe-1o.
1005 195 1066 259 197

57 367 246 441 impatientia
274 366 417 442 eruperit,
444 366 480 424 ut
505 366 612 424 mulier
635 364 795 440 aliquando
818 364 949 422 dulcium
975 364 1070 423 oblita

57 456 246 514 tenebrarum
269 455 381 513 clarum
409 455 536 513 nitorem
563 453 699 530 publicae
722 454 796 512 lucis
820 456 851 511 et
874 452 951 511 diem
979 455 1070 511 etiam

58 545 139 603 domi
160 544 291 602 invisum
311 545 343 601 in
366 544 431 602 foro
454 544 590 618 interque
613 543 693 619 leges
716 539 857 601 notabilis
877 543 907 600 et
925 543 1069 617 sepulcris

58 632 210 693 abstracta
230 635 391 708 pateretur,
415 635 529 692 certum
551 632 683 707 profecto
702 631 817 691 habetis
836 649 894 690 non
914 631 1070 689 audaciam

31 741 155 798 ineque
181 722 399 798 impudentiam
426 740 479 780 nee
506 721 671 780 vanitatem
697 740 830 796 unquam
860 720 992 794 querelas
1018 720 1069 779 ha-

56 811 156 869 buisse
187 811 368 870 miserorum.
414 828 506 886 quam
537 829 641 868 verum
674 812 718 868 est
749 809 891 885 quicquid
924 809 1070 867 exclamat

57 898 226 972 calamitas,
253 918 306 958 nec
330 899 366 957 ab
390 898 557 958 infelicibus
580 899 643 957 ficti
665 901 774 957 temere
798 900 905 957 exeunt
928 898 1069 975 gemitus!

57 988 165 1046 mulier
179 1006 254 1062 quae
269 990 481 1065 sanguinantes
496 988 534 1047 ad
548 988 675 1046 iudicem
693 989 822 1065 porrigit
839 989 975 1061 lacertos,
994 1006 1069 1062 quae

57 1079 147 1136 scisso
174 1076 347 1152 laniatoque
374 1078 473 1151 vultu,
506 1097 581 1153 quae
612 1077 712 1136 lividis
743 1077 895 1152 profertur
922 1075 1069 1149 uberibus

16 1192 43 1231 10
56 1184 165 1243 magno
193 1165 294 1224 dolore
321 1167 446 1243 cogitur,
473 1168 508 1224 ut
533 1167 589 1225 hoc
616 1168 717 1241 potius
745 1168 817 1243 agat
840 1185 930 1240 quam
957 1165 1069 1223 cineres

57 1255 216 1329 osculetur,
240 1273 329 1329 quam
357 1255 572 1331 complectatur
598 1273 711 1312 urnam.
758 1255 857 1332 gravis
884 1255 970 1312 testis
999 1274 1069 1330 que-

55 1344 136 1403 relae
158 1361 230 1402 suae
253 1344 364 1403 orbitas
387 1347 439 1403 est.

122 1432 162 1490 st
185 1435 344 1508 antequam
364 1433 402 1491 ad
427 1451 519 1509 genus
540 1433 643 1491 illatae
662 1433 763 1507 inique
783 1433 809 1489 ei
827 1431 954 1491 iniuriae
972 1433 1068 1506 venio,
1083 1433 1121 1486 10

56 1541 116 1590 orm,
144 1522 265 1595 marite,
289 1540 364 1596 quae
389 1542 422 1580 ex
445 1524 475 1580 te
499 1521 593 1579 filium
616 1520 760 1597 perdidit,
784 1520 941 1595 quicquam
969 1523 1070 1597 potest

16 1635 41 1676 ιι
57 1608 164 1684 queri?
209 1610 335 1669 erudelis
363 1611 522 1670 orbitatem
549 1610 620 1668 feris
649 1609 744 1668 adhuc
768 1610 827 1668 alio
850 1610 965 1685 dolore,
992 1612 1068 1668 tam-

56 1718 146 1774 quam
168 1717 275 1774 parum
298 1698 444 1758 desideria
462 1699 619 1758 conficiant
638 1718 713 1774 quac
732 1698 768 1757 de
789 1700 877 1757 unico
900 1701 986 1776 gerit,
1009 1717 1068 1757 non

55 1787 167 1863 pateris
191 1788 321 1846 animam
341 1807 448 1847 vacare
474 1789 605 1847 lacrimis
629 1790 690 1846 suis
717 1791 751 1845 tu
776 1788 827 1862 qui
850 1789 948 1846 sinum
972 1787 1068 1862 debes,

57 1877 109 1952 qui
131 1877 280 1953 colloquia
308 1880 337 1935 et
365 1878 526 1953 amplexus.
572 1896 663 1953 quam
689 1878 797 1935 misera
825 1880 870 1935 est
893 1896 969 1952 quae
997 1896 1068 1952 que-

54 1965 132 2024 ritur
154 1968 184 2023 et
207 1965 243 2024 de
267 1966 376 2025 solacio
400 1985 461 2025 suo.
503 1986 563 2025 non
586 1967 719 2043 coniugis
743 1965 895 2024 desideriis
918 1967 1000 2043 large
1024 1967 1067 2024 in-

13 2079 42 2120 20
55 2054 171 2132 dulget:
193 2054 269 2112 nihil
292 2073 403 2131 aspere,
426 2055 502 2114 nihil
525 2058 628 2114 eontra
651 2055 848 2114 voluntateml
893 2055 983 2114 habet
1005 2057 1066 2130 pri-

54 2143 197 2220 vilegium
225 2162 310 2202 suum
338 2146 433 2203 mater
455 2144 572 2220 infelix,
599 2145 703 2203 molles
727 2162 831 2202 manus
859 2146 890 2202 et
911 2144 998 2202 mitia
1021 2145 1067 2202 fo-

53 2235 156 2290 menta
177 2232 294 2310 magnis
313 2233 483 2292 vulneribus
503 2234 668 2293 admoveas.
706 2251 781 2308 quae
804 2251 835 2291 se
854 2233 950 2292 adhue
974 2235 1067 2292 secari

54 2321 145 2398 plaga
176 2321 337 2396 permittit,
369 2323 401 2380 in
434 2341 548 2380 summo
580 2325 633 2381 est.
678 2324 736 2380 viri
763 2322 890 2381 forsitan
918 2322 1066 2398 quomodo

54 2410 161 2469 fortior
179 2427 264 2469 sexus
283 2411 330 2485 sit,
349 2413 380 2469 et
398 2413 502 2471 contra
520 2412 651 2470 dolorem
668 2430 758 2486 quam
775 2411 932 2470 imbecillis
952 2411 1067 2469 animus

12 2521 40 2564 as
54 2500 151 2576 magis
178 2501 301 2575 pugnat.
346 2500 449 2574 itaque
471 2503 571 2559 totum
596 2500 678 2558 istud
701 2501 803 2577 lugere
831 2500 991 2558 femineum
1015 2503 1067 2573 est,

55 2589 85 2647 et
112 2588 202 2646 simul
226 2587 337 2646 orbitas
365 2588 483 2648 imbelle
510 2592 613 2665 pectus
640 2590 770 2663 invadit,
798 2590 913 2647 animus
940 2589 992 2646 ille
1016 2590 1068 2663 qui

54 2677 152 2735 luctus
182 2695 250 2736 suos
282 2677 430 2752 sequitur,
460 2678 566 2754 incipit
594 2678 811 2755 indulgentiam
841 2679 950 2736 sentire
980 2677 1068 2735 lacri-

53 2783 178 2824 marum.
224 2765 310 2824 fidem
334 2769 432 2840 tuam,
454 2768 574 2841 marite,
598 2766 716 2844 coniugi
738 2766 808 2825 llere
831 2768 934 2840 liceat,
958 2768 1067 2824 satiare

127 2954 193 3006 lut
206 2962 304 3018 οπως
319 2963 412 3005 necP
465 2954 717 3022 dquamzquods
773 2958 876 3006 lneV
927 2953 1068 3007 8iudices

54 3032 113 3076 ΒΜ
178 3039 232 3092 que
250 3033 288 3089 B,
309 3025 346 3093 q}
364 3025 390 3092 (ς
409 3026 456 3093 er.)
476 3034 507 3077 Μ
578 3030 611 3077 10
631 3041 715 3093 quam
735 3024 1071 3078 cineres:utcineres1’

56 3099 87 3148 11
114 3110 198 3163 quam
222 3101 285 3148 onte
309 3095 512 3163 complectatur
535 3113 585 3150 cm,
601 3107 628 3149 P
697 3096 833 3164 testisque
855 3095 930 3164 pelle
950 3105 1002 3148 BV

56 3171 88 3219 1³
112 3165 208 3234 inique
227 3165 253 3218 ei
271 3175 299 3219 V:
320 3166 418 3235 iniqua
436 3166 548 3235 eiq3153
571 3167 697 3235 iniquem
712 3177 753 3234 113
776 3167 872 3236 inique
892 3181 918 3235 1³3
941 3167 1067 3235 iniquae-

53 3252 108 3306 que
127 3250 148 3289 o
214 3243 246 3290 14
266 3236 401 3305 quicquid
420 3247 471 3290 Mc
535 3240 818 3307 potest-tanquam
837 3240 853 3293 l.
869 3243 905 3292 15
924 3255 974 3293 om.
989 3248 1017 3291 Β

53 3313 87 3362 15
106 3307 232 3376 queritur
251 3317 282 3360 Μ
335 3313 367 3361 18
387 3325 459 3376 quae
474 3319 572 3374 emm,
591 3327 666 3377 supr.
681 3332 713 3363 m
768 3317 800 3364 19
822 3326 879 3364 non
898 3309 947 3364 del.
965 3309 1013 3364 Gr.

51 3378 168 3449 indulge
188 3379 236 3433 Gr.
311 3385 343 3432 22
364 3396 522 3434 ammoveas
541 3391 569 3435 Ρ
639 3380 763 3435 adhaec
785 3381 846 3436 Obr.
930 3387 963 3434 24
983 3379 1067 3453 <sic>

51 3504 81 3627 gt
99 3504 197 3627 iiim}
268 3519 365 3572 quam:
385 3504 494 3572 quode
576 3510 610 3559 25
628 3505 780 3559 femineum
797 3478 828 3560 et
846 3515 874 3558 B
963 3511 995 3558 26
1015 3505 1066 3557 im-

71 3589 103 3627 ec
137 3589 152 3627 e
