2430 3952
128 211 194 275 322
430 211 580 265 INFAMIS
598 211 638 267 IN
656 210 814 264 MATREM
832 210 845 263 I

128 383 224 457 putat.
262 382 291 439 et
314 381 340 439 si
361 379 435 440 bene
459 383 537 440 artes
561 383 597 441 et¹
613 379 777 456 profundae
800 380 908 438 mentis
929 379 1054 438 consilia
1077 388 1148 456 per'·

128 469 229 546 spicio,
253 469 428 546 respondere
448 470 506 528 sibi
524 470 643 528 videtur
659 468 727 545 plus
746 486 836 543 quam
854 470 950 526 mater
967 469 1147 547 interrogat.

127 558 258 631 fallitur,
290 559 423 634 quisquis
455 559 533 617 hunc
563 576 625 618 esse
657 557 751 616 credit
781 556 999 634 inexplicabilis
1031 557 1148 617 doloris

128 649 242 706 aestum
272 649 302 705 et
328 649 407 706 inter
436 648 549 706 silentii
581 646 830 721 confessionisque
863 664 968 704 causas
999 647 1147 706 miserum

125 735 276 812 pudorem.
323 736 416 794 alium
439 737 551 795 exitum
573 754 632 794 non
659 734 763 809 habet,
792 753 882 810 quam
904 739 939 793 ut
963 734 1145 811 respondere
1175 756 1188 797 s

126 826 206 884 nolle
228 824 365 884 videatur
388 827 523 900 quisquis
550 824 645 883 filium
669 824 778 883 occidit
800 826 831 882 et
857 824 984 900 probare
1006 843 1067 883 non
1090 845 1145 901 po-

125 916 193 989 test,
216 915 440 990 propterquod
463 914 614 972 erubuerit
637 913 739 972 occidi.

89 1008 108 1062 3
195 1002 376 1080 Goniungat,
404 1006 550 1077 quantum
577 1003 671 1078 volet,
699 1002 925 1061 nocentissimus
955 1020 1044 1061 senex
1074 1020 1146 1062 cum

124 1111 242 1151 rumore
265 1091 370 1168 populi
393 1092 544 1151 silentium
563 1110 650 1150 suurn
672 1094 702 1150 et
723 1092 856 1150 relatura
879 1091 1013 1149 ordinem
1030 1092 1144 1151 tristis·

125 1181 216 1240 simae
248 1181 337 1240 sortis
369 1181 488 1239 conlata
519 1180 708 1258 malignitate
740 1179 841 1238 cludat
873 1198 939 1255 ora,
971 1185 1145 1256 compescat
1160 1205 1187 1244 ro

125 1269 237 1328 aditus:
261 1271 356 1330 securi
378 1273 479 1328 tamen
503 1270 609 1344 estote,
632 1270 785 1344 mortales,
807 1269 854 1328 fas
877 1271 935 1343 est,
958 1268 1004 1328 fas
1027 1272 1073 1328 est
1096 1272 1144 1328 in·

124 1360 349 1418 nocentissimae
377 1359 467 1418 matri
494 1360 577 1418 velut
608 1361 640 1416 in
667 1358 800 1433 templis,
832 1359 916 1417 velut
949 1358 1030 1433 apud
1059 1361 1144 1435 ipsos

123 1448 308 1523 proclamare
331 1466 465 1525 superos:
492 1449 591 1507 amavi
608 1447 706 1505 filium
728 1465 827 1506 meum
849 1449 996 1521 matrona,
1018 1447 1144 1525 iudices,

124 1538 208 1596 cuius
231 1537 378 1613 puellares
402 1556 503 1611 annos,
526 1539 655 1614 primam
676 1536 839 1611 rudemque
860 1537 991 1614 coniugii
1008 1541 1144 1598 mentem

22 1646 26 1655 ¹
123 1626 207 1684 nulla
239 1626 397 1685 libidinum
428 1627 570 1702 respersit
600 1626 739 1699 infamia,
772 1625 819 1683 cui
845 1625 1001 1700 impudens
1028 1646 1143 1703 rumor,
1157 1648 1182 1690 rs

123 1715 261 1790 suspicax
283 1717 408 1800 maritus
432 1716 508 1774 nihil
530 1733 662 1790 unquam
690 1714 789 1791 potuit
812 1714 927 1773 obicere
950 1715 1009 1773 nisi
1033 1713 1142 1775 filiurn.

124 1824 200 1879 quae
232 1804 394 1880 pudicitiae
421 1804 520 1879 prima
549 1804 658 1862 fiducia
690 1805 748 1877 est,
780 1802 874 1861 edidit
899 1805 1020 1878 partum
1050 1824 1143 1880 quem

123 1893 249 1951 maritus
269 1895 449 1970 agnosceret,
471 1911 532 1951 non
554 1895 665 1966 timuit,
688 1912 724 1950 ne
743 1895 847 1968 stupra
865 1891 1052 1968 fintivosque
1071 1913 1142 1953 con·

123 1981 240 2039 cubitus
269 1981 389 2057 parvuli
411 1981 511 2040 vultus
539 1985 593 2040 aut
616 1983 772 2040 crescentis
800 1981 947 2040 infantiae
972 1981 1141 2043 similitudo

123 2070 280 2146 detegeret.
326 2072 430 2128 natum
459 2070 494 2128 de
522 2073 552 2128 te
580 2071 734 2143 continue,
767 2072 793 2129 si
821 2069 892 2145 quid
919 2072 978 2145 ipsi
1007 2071 1142 2147 creditis
1156 2095 1185 2135 ao

121 2157 318 2234 inpatientius
346 2159 500 2233 complexa
528 2177 616 2232 quam
645 2158 753 2233 reliqui
779 2161 919 2235 parentes
942 2178 1001 2217 non
1028 2161 1061 2217 in
1084 2181 1141 2220 nu-

121 2246 209 2305 trices
233 2265 287 2304 nec
309 2249 341 2305 in
364 2246 530 2306 ministeria
552 2247 698 2322 seposuit:
723 2250 783 2306 suis
808 2249 885 2306 aluit
906 2247 1059 2323 uberibus,
1084 2268 1141 2310 suo

121 2336 198 2394 fovit
219 2337 364 2410 amplexu.
402 2336 548 2411 numquid
566 2340 596 2395 et
613 2337 667 2395 hos
686 2355 787 2411 annea,
810 2337 968 2412 parricida,
991 2340 1140 2413 numquid
1184 2376 1192 2388 ι

121 2427 151 2483 et
175 2426 336 2502 pueritiam
358 2425 459 2484 miseri
481 2425 595 2484 iuvenis
618 2424 766 2484 infamas?
803 2429 903 2484 actum
922 2428 966 2485 est
985 2425 1020 2484 de
1040 2445 1140 2487 sacro-

120 2535 186 2572 rum
209 2515 362 2573 nominum
386 2514 456 2588 fide,
480 2514 517 2588 si,
542 2519 577 2573 ut
599 2515 737 2574 videatur
759 2517 899 2574 innocens
922 2517 1027 2589 mater,
1053 2521 1140 2577 aetas
1154 2539 1182 2580 aa

118 2607 239 2663 tantum
257 2603 313 2661 filii
336 2605 417 2662 facit.
465 2604 644 2662 accendebat
666 2604 742 2663 hanc
766 2623 837 2681 erga
859 2604 981 2663 unicum
1005 2605 1139 2680 optimae

119 2694 224 2752 matris
252 2693 463 2769 inpatientiam
485 2693 599 2770 rigidus
628 2695 726 2770 pater,
754 2712 840 2770 asper
867 2694 992 2752 maritus
1021 2696 1052 2752 et
1078 2695 1139 2754 sibi

118 2782 277 2842 videbatur
298 2801 405 2858 parum
427 2782 551 2858 implere
575 2802 662 2857 quern
684 2801 739 2858 pro
763 2782 875 2841 duobus
895 2781 1066 2843 conferebat
1085 2785 1138 2844 ad-

118 2895 255 2902 ——-
264 2897 268 2900 >
276 2896 332 2901 Μ.-

192 2954 267 3006 let:
287 2968 319 3006 ae
338 2961 372 3018 B,
393 2968 426 3006 ac
444 2962 474 3017 υς
494 2967 509 3004 e
528 2960 549 3002 V
608 2951 748 3021 prospicio
763 2960 791 3003 P
860 2952 1059 3020 upriusquam
1077 2954 1136 3008 Bu.

120 3029 135 3076 5
156 3039 252 3090 quam:
273 3024 348 3091 quod
367 3032 395 3075 Ρ
479 3027 493 3075 7
514 3022 667 3076 erubuerit:
687 3022 817 3076 debuerit
835 3032 880 3086 Mc
961 3027 977 3075 8
995 3022 1092 3076 volent
1110 3034 1141 3078 B

120 3099 135 3147 9
154 3093 276 3148 relaturo
298 3104 358 3160 Βῆ
384 3093 541 3164 τθὴξὴυηιε
560 3104 592 3147 Μ
691 3098 724 3147 10
748 3093 853 3147 callida
877 3093 1057 3165 malignitate
1085 3095 1136 3151 Gr.

121 3206 152 3254 11
173 3201 280 3254 aditus:
300 3200 426 3254 adiectus
445 3209 483 3266 133
503 3200 630 3254 abiectus
648 3211 670 3253 ν
744 3200 787 3254 fas
807 3203 850 3254 est
866 3201 945 3255 semel
963 3210 995 3254 M
1072 3184 1137 3257 ilio-

119 3272 278 3325 centissime
296 3281 325 3325 B
416 3277 448 3325 12
467 3272 566 3325 matris
584 3281 614 3339 νς
633 3272 736 3342 matri}
755 3281 786 3324 M
859 3271 1013 3341 imtemplis
1032 3281 1064 3324 M

120 3348 153 3398 15
171 3342 291 3397 libidine
309 3352 368 3396 ΒΜ
384 3345 411 3413 (”
426 3360 461 3398 er.
477 3352 515 3410 M,
534 3343 571 3396 -is
590 3345 617 3413 c)
682 3349 715 3397 19
734 3343 819 3396 vultis
837 3352 875 3412 B;
895 3341 987 3396 adulti
1006 3351 1038 3395 M
1091 3344 1136 3398 in—

118 3449 222 3504 famiae
241 3463 281 3503 ac
368 3449 503 3504 simitudo
521 3459 560 3515 Μ,
578 3448 601 3502 li
618 3466 693 3518 supr.
708 3470 740 3501 m
838 3455 871 3503 11
891 3433 1025 3504 fflutrices
1044 3460 1066 3503 ν

118 3528 152 3576 21
171 3522 201 3575 in
219 3539 270 3577 om.
286 3531 319 3589 P,
337 3539 412 3591 supr.
426 3544 447 3583 p
537 3513 647 3594 alutlbit
664 3530 703 3588 133
723 3520 814 3591 aluit}
832 3524 860 3591 (6
878 3522 918 3576 ccl
938 3526 955 3575 7
974 3522 1025 3576 liu.
1041 3526 1090 3591 er.)
1105 3533 1139 3578 M

115 3599 151 3647 24
171 3594 218 3648 de:
239 3593 310 3658 ado
382 3609 504 3646 sacrrum
523 3601 561 3660 M,
580 3609 596 3646 o
615 3609 736 3662 sepem
