2430 3952
140 197 206 262 340
432 197 581 252 INFAMIS
599 197 640 252 IN
657 195 816 251 MATREM
833 198 859 251 11

138 366 219 424 tibus
238 366 377 441 elisisque
396 366 535 426 uberibus
553 366 629 424 mihi
645 366 717 425 fecit
739 366 892 425 invidiam.
929 367 1006 424 unde
1024 368 1057 425 in
1076 369 1159 428 hanc

138 456 349 530 inpatientiam
367 457 513 532 prorupit,
536 454 661 514 exiluit?
684 455 765 514 domi
785 475 832 514 me
850 456 927 513 nihil
944 458 1157 534 interrogavit.

139 562 259 620 possum
285 543 359 618 iarn,
386 546 482 603 mater
508 545 623 619 infelix,
652 562 753 604 coram
778 543 880 603 liberis
908 563 943 603 ac
969 546 1157 620 parentibus

139 651 260 709 possum
288 633 477 692 audientibus
512 633 568 693 diis
598 633 825 708 hominibusque
860 634 1001 692 clamare:
1034 637 1065 693 et
1098 655 1157 714 ego

140 723 239 781 amavi
261 721 356 780 filium
379 742 491 797 meum,
515 742 574 781 non
598 723 714 797 osculis,
737 741 797 780 non
819 721 1002 797 infirmitate,
1025 743 1085 782 non
1110 726 1186 786 las

139 812 252 885 crimis,
281 811 332 870 sed
355 810 481 885 viribus,
508 811 622 885 dolore,
648 813 805 886 patientie.
850 812 972 870 unicum
1000 831 1101 887 quern,
1129 817 1158 872 si

138 902 201 958 acie
225 901 380 959 clausisset
402 900 505 974 hostis,
528 901 641 959 vicaria
664 903 758 959 morte
778 919 949 974 servassem,
973 903 999 959 si
1019 901 1157 960 subitum

138 988 277 1049 cinxisset
295 988 472 1063 incendium,
494 989 664 1048 extulissem
681 991 787 1049 relicta
804 1008 938 1048 meorum
957 992 1041 1065 parte
1059 1010 1156 1049 mem-

137 1078 273 1152 brorum,
302 1078 399 1153 eripui
427 1078 624 1156 malignitati,
655 1078 766 1137 abstuli
795 1079 901 1137 famae.
947 1079 1040 1137 habeo
1072 1082 1158 1155 quod

137 1167 272 1242 inputem
294 1165 360 1241 tibi,
382 1169 500 1241 natura,
524 1169 629 1242 pietas.
675 1187 738 1226 rem
760 1167 968 1227 difficillimam
991 1168 1048 1226 feci
1072 1170 1156 1244 quod
1172 1192 1199 1232 ro

137 1275 198 1315 non
221 1274 267 1314 me
291 1257 391 1330 potius
417 1256 519 1314 occidi.

103 1345 121 1402 5
206 1345 303 1403 Malae
326 1345 515 1405 tractationis
539 1348 666 1405 accusat.
712 1344 837 1420 adeone,
860 1365 941 1419 uxor,
965 1345 1021 1404 tibi
1043 1365 1157 1421 parum

138 1433 241 1492 videor
263 1433 377 1493 dedisse
399 1453 563 1510 poenarum
585 1436 654 1510 post
676 1434 877 1510 parricidium,
900 1436 935 1491 ut
956 1434 1087 1509 labores,
1116 1457 1157 1496 ne

138 1523 308 1582 lucrifaciat
333 1527 420 1598 pater
449 1523 527 1598 quod
556 1522 665 1581 occidit
693 1523 789 1582 filium
818 1521 926 1583 suum?
970 1543 1029 1582 non
1058 1524 1158 1600 pudet

138 1631 221 1689 ergo,
249 1613 275 1669 si
302 1613 438 1672 irasceris
465 1610 652 1688 parricidae?
699 1612 770 1688 quid
792 1612 850 1671 tibi
873 1631 940 1671 cum
967 1613 1032 1690 lege
1060 1632 1157 1688 quam
1173 1635 1198 1676 rs

137 1704 260 1777 propter
282 1701 357 1760 alios
380 1703 508 1760 minores
532 1703 686 1777 accepistis
710 1699 867 1760 adfectus?
904 1703 1038 1777 querelas
1061 1702 1158 1762 habet

137 1791 205 1865 ista,
223 1810 283 1848 non
297 1792 424 1867 gemitus
438 1793 469 1849 et
482 1793 576 1849 melre
592 1792 722 1866 seposita
736 1790 830 1849 solam
849 1791 1005 1865 conploret
1021 1810 1156 1852 uxorem.

203 1880 317 1937 Rursus
337 1879 375 1937 ad
392 1879 536 1955 populum
551 1898 639 1940 vocas
653 1879 794 1938 miserum
812 1878 977 1954 pudorem?
994 1882 1158 1940 materiam

137 1968 208 2026 novi
230 1969 356 2026 rumoris
380 1966 536 2027 accendis?
571 1967 687 2044 perdidi
707 1987 776 2045 ergo
795 1970 942 2026 rationem
960 1969 1066 2028 secreti
1085 1973 1157 2029 mei.

138 2059 180 2115 sic
208 2058 307 2114 omnia
334 2058 476 2130 feceram,
504 2076 542 2114 ne
571 2057 642 2132 quid
670 2060 723 2115 aut
751 2059 856 2132 quaeri
880 2060 981 2132 posset
1008 2062 1061 2117 aut
1086 2059 1157 2120 dici.
1174 2082 1201 2122 sc

137 2145 198 2203 iam
216 2163 285 2204 vero
306 2145 378 2220 quid
394 2144 596 2220 inpudentius,
620 2145 691 2220 quid
709 2146 860 2224 indignius
881 2165 980 2222 quam,
1004 2166 1071 2205 cum
1096 2149 1159 2208 sibi

138 2233 173 2291 de
196 2234 298 2292 liberis
322 2234 445 2293 credunt
467 2235 556 2293 licere
579 2235 764 2309 tantundem,
787 2239 818 2294 et
836 2254 964 2310 aequum
986 2238 1032 2294 ius
1055 2240 1159 2312 patris

139 2341 173 2383 ac
195 2324 301 2382 matris
325 2342 386 2382 esse
410 2323 600 2398 contendunt,
624 2327 709 2399 quasi
732 2327 866 2383 nesciant
888 2324 973 2383 nobis
993 2325 1160 2387 arbitrium

138 2415 218 2471 vitae
245 2413 384 2488 necisque
412 2411 621 2472 commissum?
666 2433 726 2472 non
754 2416 799 2473 est
825 2413 1029 2491 privilegium,
1056 2415 1160 2475 filium

139 2501 278 2575 occidere,
302 2519 369 2560 curn
386 2501 456 2560 fieri.
468 2505 576 2577 potest,
599 2521 652 2562 nec
671 2504 831 2578 quisquam
849 2505 967 2562 tanturn
985 2503 1051 2561 ideo
1072 2504 1160 2581 fecit,
1176 2528 1202 2568 ss

139 2592 209 2666 quia
238 2591 349 2651 liceret.
395 2591 509 2650 viscere
536 2592 618 2651 unici
648 2592 779 2650 lacerare
809 2591 918 2651 suffeci.
964 2592 1099 2668 ignosce,
1133 2598 1162 2654 si

137 2700 197 2739 non
219 2683 304 2755 potes
327 2680 401 2738 mihi
424 2680 549 2739 credere.
596 2699 681 2740 nemo
709 2680 805 2738 filium
828 2699 913 2739 suum
937 2680 1045 2740 occidit
1072 2682 1162 2744 odio:

137 2788 197 2827 non
216 2771 274 2828 erit
296 2769 375 2827 tenti
393 2771 508 2829 iuvenis
527 2772 649 2829 invisus.
686 2769 763 2827 illud
782 2773 827 2828 est
847 2773 879 2827 in
901 2769 1038 2846 patribus
1057 2790 1162 2848 usque

139 2858 177 2916 ad
207 2858 402 2934 parricidium
433 2858 565 2917 terribile
596 2859 675 2935 quod
708 2862 823 2933 amant,
857 2859 935 2934 quod
968 2867 1162 2938 succurrunt,

210 3028 430 3095 abomineris,
449 3039 550 3083 corre
618 3027 689 3081 nihil
708 3044 752 3082 me
771 3037 803 3081 M
873 3034 1101 3097 lquesapr.11

139 3105 230 3153 onon
248 3107 311 3154 cute
329 3099 493 3153 infirmitate
506 3117 581 3168 supr.
600 3108 622 3151 V
676 3099 843 3153 8cincisset
857 3108 889 3153 M
939 3098 1039 3153 relicti
1059 3116 1164 3157 eorum

139 3179 191 3223 BV
258 3173 339 3239 parte
356 3170 486 3224 relictam
505 3188 600 3226 eorum
614 3180 647 3223 Μ
715 3177 748 3224 10
766 3174 885 3225 naturae
903 3180 970 3235 Meo
1038 3176 1072 3225 13
1091 3189 1164 3242 par-

139 3241 270 3295 ricidium
288 3245 321 3296 nt
339 3243 412 3298 Sub:
431 3242 588 3311 periculum
607 3245 635 3296 et
654 3264 675 3294 ω
741 3248 773 3295 16
793 3241 864 3296 alios
883 3244 961 3297 Dese.
977 3259 1007 3311 p.
1020 3246 1057 3296 75
1063 3264 1069 3296 :
1090 3260 1163 3301 avos

139 3322 199 3379 BV3
217 3330 268 3366 nos
287 3323 328 3382 1113
347 3331 395 3367 vos
415 3326 451 3378 co·
520 3319 553 3367 17
572 3331 628 3366 non
646 3330 702 3367 non
720 3322 742 3365 V
809 3314 937 3382 suposita
955 3323 982 3366 P
1054 3319 1088 3369 18
1108 3334 1163 3386 po·

138 3384 207 3454 pulo
225 3393 246 3436 V
295 3385 414 3439 materia
432 3394 460 3438 B
513 3390 546 3438 20
566 3385 660 3439 omnia
678 3402 711 3439 cc
730 3400 811 3439 omne
829 3394 857 3438 B
909 3390 942 3438 21
963 3400 1061 3454 quam:
1082 3391 1164 3456 qnod

140 3501 167 3544 ι·
226 3496 260 3544 24
278 3491 425 3575 nesciaque
438 3501 466 3545 Β
523 3497 557 3545 25
576 3492 639 3546 ideo
654 3509 705 3547 om.
724 3501 745 3544 V
794 3497 828 3545 26
846 3472 1012 3547 lacerdrefl
1065 3492 1165 3553 suffici

134 3589 214 3647 NJ,
232 3579 357 3635 saffica!
408 3586 441 3634 27
457 3580 539 3635 crede
553 3590 574 3633 V
624 3581 749 3635 occidiV
795 3580 920 3652 ogdion
965 3582 1168 3643 multum!
