2430 3952
406 208 828 266 nscnmnnronnsrw.
1057 208 1123 276 361-

107 380 269 439 censendus
299 379 380 438 filius
412 379 464 456 qui
495 383 619 456 propter
653 380 780 439 salntem
813 379 909 456 patris
942 399 973 440 se
1004 381 1121 440 occidit.

106 471 262 545 praeterea
280 468 472 528 consideratis
491 470 596 527 fatum.
633 486 786 544 nunqnam
804 487 870 528 sum
889 486 1007 529 securus
1025 488 1122 545 neque

106 557 281 632 intrepidus.
322 557 398 616 mori
421 576 492 636 ergo
516 557 607 616 debeo
632 560 787 633 tamqnam
809 575 932 631 nocens,
958 558 985 617 si
1006 559 1120 617 mathe-

106 647 233 705 maticus
262 663 366 705 verum
395 646 484 721 dixit,
518 649 674 722 tamqnam
703 647 806 720 miser,
839 647 865 705 si
894 646 1037 706 mentitus
1067 650 1120 707 est.

79 737 259 810 epraeterea
291 736 423 794 animum
445 735 539 794 habeo
573 734 724 795 occidendi
759 738 885 811 patrem.
926 735 1120 811 parricidium

105 826 206 882 autem
229 823 325 883 dictus
348 842 416 884 snm
443 825 585 883 facturus.
627 827 653 885 si
678 843 800 899 possum
827 827 897 900 post
922 825 997 882 haec
1019 827 1121 884 autem

104 913 218 987 vivere,
246 932 306 972 non
334 931 400 971 sum
426 914 581 988 innocens,
611 915 669 973 etsi
690 933 750 974 non
774 915 880 972 fecero.
921 915 1012 973 sentit
1033 916 1122 989 pater

104 1003 219 1077 quanta
246 1004 287 1062 sit
313 1003 459 1078 praedicti
488 1003 607 1062 sceleris
635 1003 808 1062 immanitas
837 1005 867 1061 et
895 1003 962 1062 ideo
989 1004 1121 1078 temptat

104 1089 227 1165 efficere,
249 1094 286 1149 ut
308 1092 552 1151 mathematicam
570 1094 664 1152 artem
689 1093 784 1150 artem
806 1109 866 1150 non
888 1091 1008 1167 putetis
1051 1109 1120 1150 cum

64 1197 173 1257 mergo
197 1198 269 1239 vere
291 1181 352 1239 sint
374 1181 472 1256 prima
490 1180 581 1240 verba
601 1180 806 1240 mathematici
829 1184 859 1240 et
876 1180 939 1239 iam
957 1182 1121 1255 evenerint,

103 1270 227 1327 eveniet·
247 1271 278 1328 et
303 1269 459 1342 ultimum,
488 1272 519 1329 et
546 1288 595 1328 erc
625 1268 793 1346 parricida,
823 1271 849 1330 si
878 1270 986 1330 vixero.
1027 1270 1120 1329 vitari

104 1359 205 1415 autem
226 1360 327 1434 potest
350 1359 510 1418 necessitas
535 1358 623 1418 huius
647 1359 716 1432 fati,
744 1359 771 1418 si
799 1375 878 1418 mors
901 1358 981 1417 inter
1002 1359 1121 1418 facinus

102 1447 310 1521 hominemque
339 1446 477 1522 ponatur.
525 1446 656 1506 vincitur
686 1448 765 1505 enim
794 1447 903 1522 fatum,
934 1449 960 1507 si
988 1449 1120 1523 resistas,

103 1535 209 1608 vincit,
237 1535 264 1594 si
292 1535 510 1612 contempseris.
556 1536 663 1595 melius
687 1535 778 1594 etiam
801 1539 859 1610 est,
886 1539 921 1594 ut
943 1536 1072 1610 moriar,
1093 1539 1120 1595 si

63 1644 88 1682 15
102 1614 243 1684 innocens
262 1624 380 1682 futurus
399 1643 473 1699 sum,
492 1642 584 1700 qnam
601 1626 637 1682 ut
654 1627 764 1698 vivam,
783 1626 809 1684 si
826 1625 984 1702 parricida.
1025 1625 1120 1684 vultis

103 1715 177 1772 scire
190 1727 290 1789 'quem
316 1712 439 1771 debeam
462 1714 567 1772 timere
590 1711 747 1773 victurus?
777 1716 906 1788 metuo,
933 1733 970 1772 ne
992 1716 1120 1789 patrem,

103 1802 175 1860 dum
197 1802 318 1876 morior,
342 1802 482 1861 occidam.

414 2031 450 2091 V.
480 2033 592 2093 Arene
614 2051 805 2095 cananense.

168 2156 383 2232 Arpcmcntcm
405 2177 432 2216 c.
445 2177 479 2232 p.
500 2159 551 2226 88,
571 2161 599 2216 7.

60 2266 87 2304 no
168 2246 291 2325 Allegat
317 2248 433 2306 iuvenis
455 2264 561 2307 coram
587 2246 748 2306 indicibus:
776 2247 811 2306 de
835 2267 882 2306 me
909 2267 970 2307 non
992 2249 1119 2322 curavit,

101 2355 148 2393 me
179 2334 293 2395 dimisit
324 2338 358 2393 in
390 2333 518 2396 vinculis
550 2337 603 2412 qui
633 2354 749 2412 semper
771 2336 838 2416 ¹sibi
866 2336 961 2396 bonus
992 2337 1118 2410 fueram,

102 2424 286 2483 luxuriosum
311 2425 439 2484 redemit
466 2427 519 2500 qui
545 2444 661 2500 semper
683 2426 780 2484 malus
807 2426 913 2484 fuerat.
959 2425 1120 2501 respondet

101 2514 200 2587 pater:
231 2532 354 2590 aegrum
375 2514 501 2588 redemi,
524 2515 629 2591 utpote
656 2516 753 2590 magis
776 2512 990 2588 miserabilem,
1019 2515 1050 2572 te
1073 2513 1118 2572 di-

101 2601 184 2676 misi,
212 2621 279 2660 cum
302 2603 461 2678 utrumque
488 2602 597 2661 habere
619 2621 679 2661 non
701 2621 831 2679 possem,
860 2602 1008 2661 confidens
1037 2601 1116 2677 quod

61 2711 87 2750 sc
101 2693 225 2766 propter
248 2691 409 2749 sanitatem
431 2691 537 2750 melius
555 2692 647 2750 ferres
668 2710 814 2750 carcerem
837 2692 867 2750 et
888 2693 1012 2766 propter
1032 2689 1117 2767 boni7

101 2781 196 2838 tatem
218 2780 362 2839 maiorem
384 2779 563 2854 patientiam
585 2780 708 2839 haberes
730 2782 762 2838 in
787 2779 918 2839 adversis
941 2782 972 2838 et
994 2781 1119 2856 propter

102 2869 281 2944 sapientiem
298 2868 405 2926 melius
424 2867 512 2928 scires
526 2887 685 2944 procurare
704 2869 911 2928 liberationem
928 2872 1021 2928 tuam.
1062 2887 1118 2928 nec

101 2957 168 3017 ideo
187 2959 323 3033 sequitur
345 2957 424 3033 quod
447 2957 535 3015 illurn
556 2957 624 3032 plus
649 2957 809 3016 dilexerim.
852 2977 887 3016 ex
905 2955 1019 3017 duobus
1037 2959 1118 3016 enim

100 3045 202 3105 liberis
215 3049 355 3106 neutrum
368 3047 465 3124 magis
484 3049 567 3105 amat
581 3049 633 3122 qni
650 3045 771 3106 redimit
787 3066 916 3125 aegrum.
954 3048 980 3105 si
998 3049 1117 3122 sapiens

60 3137 192 3209 coesset,
215 3154 232 3194 o
254 3137 380 3210 iudices,
409 3154 469 3194 non
497 3135 585 3194 debet
607 3137 684 3195 velle
707 3135 787 3211 quod
807 3133 978 3212 redemptus
1001 3136 1116 3211 fuisset,

102 3223 153 3298 qni
176 3226 293 3283 tantam
314 3225 435 3283 landem
462 3224 626 3301 adquisivit
653 3227 684 3284 et
706 3243 813 3284 nomen
841 3244 875 3283 ex
898 3243 932 3283 eo
961 3225 1039 3301 quod
1062 3244 1117 3302 per

102 3330 187 3393 snam
210 3315 388 3389 sapientiam
411 3332 441 3372 se
460 3332 478 3371 a
498 3332 613 3374 carcere
636 3315 763 3389 piratico
782 3313 929 3373 liberavit.
972 3333 997 3390 o,
1022 3332 1115 3390 quan-

100 3404 165 3460 tam
194 3402 313 3462 laudem
346 3402 541 3479 adquisierat,
571 3403 597 3462 si
626 3405 760 3479 pasceret
788 3405 919 3479 patrem,
949 3401 1117 3462 redemerat

101 3491 232 3550 fratrem.
273 3491 362 3550 redde
390 3511 474 3570 ergo,
501 3493 544 3550 mi
566 3491 623 3566 fili,
654 3511 729 3568 quae
753 3509 841 3568 posco
865 3491 1021 3567 alimenta,
1044 3511 1113 3550 nam

60 3600 87 3639 cs
102 3580 197 3640 debes.
239 3580 331 3640 vultis
355 3583 434 3640 enim
456 3583 544 3657 scire,
575 3581 683 3656 ofilii,
706 3584 855 3657 qnantum
876 3581 993 3641 nomini
1012 3583 1121 3637 nostro
