<?xml version="1.0" encoding="UTF-8"?>
<!DOCTYPE html PUBLIC "-//W3C//DTD XHTML 1.0 Transitional//EN"
    "http://www.w3.org/TR/xhtml1/DTD/xhtml1-transitional.dtd">
<html xmlns="http://www.w3.org/1999/xhtml" xml:lang="en" lang="en">
 <head>
  <title>
</title>
<meta http-equiv="Content-Type" content="text/html;charset=utf-8" />
  <meta name='ocr-system' content='tesseract 3.04.00' />
  <meta name='ocr-capabilities' content='ocr_page ocr_carea ocr_par ocr_line ocrx_word'/>
</head>
<body>
  <div class='ocr_page' id='page_1' title='image "./qvintilianiqvae00quingoog_0200.png"; bbox 0 0 2430 3952; ppageno 0'>
   <div class='ocr_carea' id='block_1_1' title="bbox 350 184 1081 251">
    <p class='ocr_par' dir='ltr' id='par_1_1' title="bbox 350 184 1081 251">
     <span class='ocr_line' id='line_1_1' title="bbox 350 184 1081 251; baseline 0.016 -12"><span class='ocrx_word' id='word_1_1' title='bbox 350 184 795 241; x_wconf 67' lang='grc'><strong>11011111110111111-11.</strong></span> <span class='ocrx_word' id='word_1_2' title='bbox 1019 186 1081 251; x_wconf 89' lang='grc'>161</span> 
     </span>
    </p>
   </div>
   <div class='ocr_carea' id='block_1_2' title="bbox 30 354 1133 2655">
    <p class='ocr_par' dir='ltr' id='par_1_2' title="bbox 30 354 1133 2655">
     <span class='ocr_line' id='line_1_2' title="bbox 70 354 1083 432; baseline -0.002 -16"><span class='ocrx_word' id='word_1_3' title='bbox 70 355 152 416; x_wconf 90' lang='lat' dir='ltr'>mum</span> <span class='ocrx_word' id='word_1_4' title='bbox 183 356 264 431; x_wconf 84' lang='lat' dir='ltr'>parti</span> <span class='ocrx_word' id='word_1_5' title='bbox 296 373 387 432; x_wconf 85' lang='lat' dir='ltr'>grave</span> <span class='ocrx_word' id='word_1_6' title='bbox 418 356 529 425; x_wconf 78' lang='grc'><strong>1101111</strong></span> <span class='ocrx_word' id='word_1_7' title='bbox 555 354 648 430; x_wconf 88' lang='lat' dir='ltr'>pestis</span> <span class='ocrx_word' id='word_1_8' title='bbox 680 356 796 432; x_wconf 88' lang='lat' dir='ltr'>pondus</span> <span class='ocrx_word' id='word_1_9' title='bbox 824 355 977 429; x_wconf 87' lang='lat' dir='ltr'>insederit,</span> <span class='ocrx_word' id='word_1_10' title='bbox 1004 356 1083 414; x_wconf 86' lang='lat' dir='ltr'>unde</span> 
     </span>
     <span class='ocr_line' id='line_1_3' title="bbox 70 444 1083 522; baseline -0.002 -18"><span class='ocrx_word' id='word_1_11' title='bbox 70 447 246 522; x_wconf 89' lang='lat' dir='ltr'>prorumpat</span> <span class='ocrx_word' id='word_1_12' title='bbox 272 444 304 502; x_wconf 93' lang='lat' dir='ltr'>in</span> <span class='ocrx_word' id='word_1_13' title='bbox 332 444 459 522; x_wconf 76' lang='lat' dir='ltr'><strong>gemitus</strong></span> <span class='ocrx_word' id='word_1_14' title='bbox 488 446 620 504; x_wconf 87' lang='lat' dir='ltr'>oonsoius</span> <span class='ocrx_word' id='word_1_15' title='bbox 651 445 743 504; x_wconf 89' lang='lat' dir='ltr'>dolor.</span> <span class='ocrx_word' id='word_1_16' title='bbox 788 445 920 504; x_wconf 78' lang='lat' dir='ltr'>medicus</span> <span class='ocrx_word' id='word_1_17' title='bbox 949 445 1000 520; x_wconf 92' lang='lat' dir='ltr'>qui</span> <span class='ocrx_word' id='word_1_18' title='bbox 1029 464 1083 520; x_wconf 88' lang='lat' dir='ltr'>per</span> 
     </span>
     <span class='ocr_line' id='line_1_4' title="bbox 69 533 1081 610; baseline -0.001 -17"><span class='ocrx_word' id='word_1_19' title='bbox 69 537 142 594; x_wconf 88' lang='lat' dir='ltr'>haee</span> <span class='ocrx_word' id='word_1_20' title='bbox 164 552 224 593; x_wconf 90' lang='lat' dir='ltr'>non</span> <span class='ocrx_word' id='word_1_21' title='bbox 248 535 348 609; x_wconf 86' lang='lat' dir='ltr'>potest</span> <span class='ocrx_word' id='word_1_22' title='bbox 370 533 504 593; x_wconf 84' lang='lat' dir='ltr'>invenire</span> <span class='ocrx_word' id='word_1_23' title='bbox 527 534 714 610; x_wconf 81' lang='lat' dir='ltr'>languorem,</span> <span class='ocrx_word' id='word_1_24' title='bbox 742 552 801 591; x_wconf 93' lang='lat' dir='ltr'>non</span> <span class='ocrx_word' id='word_1_25' title='bbox 824 535 939 594; x_wconf 83' lang='lat' dir='ltr'>invenit</span> <span class='ocrx_word' id='word_1_26' title='bbox 961 553 1014 593; x_wconf 89' lang='lat' dir='ltr'>nee</span> <span class='ocrx_word' id='word_1_27' title='bbox 1036 553 1081 592; x_wconf 92' lang='lat' dir='ltr'>re·</span> 
     </span>
     <span class='ocr_line' id='line_1_5' title="bbox 69 620 1133 698; baseline -0.002 -16"><span class='ocrx_word' id='word_1_28' title='bbox 69 623 208 683; x_wconf 87' lang='lat' dir='ltr'>medium.</span> <span class='ocrx_word' id='word_1_29' title='bbox 254 620 348 698; x_wconf 81' lang='lat' dir='ltr'>quid?</span> <span class='ocrx_word' id='word_1_30' title='bbox 374 623 401 680; x_wconf 88' lang='lat' dir='ltr'>si</span> <span class='ocrx_word' id='word_1_31' title='bbox 428 623 543 697; x_wconf 89' lang='lat' dir='ltr'>aliquid</span> <span class='ocrx_word' id='word_1_32' title='bbox 570 625 675 682; x_wconf 88' lang='lat' dir='ltr'>sanato</span> <span class='ocrx_word' id='word_1_33' title='bbox 703 623 850 682; x_wconf 81' lang='lat' dir='ltr'>medicina</span> <span class='ocrx_word' id='word_1_34' title='bbox 876 625 976 698; x_wconf 89' lang='lat' dir='ltr'>potest</span> <span class='ocrx_word' id='word_1_35' title='bbox 997 626 1133 698; x_wconf 73' lang='lat' dir='ltr'>prae-17</span> 
     </span>
     <span class='ocr_line' id='line_1_6' title="bbox 44 711 1082 786; baseline -0.002 -14"><span class='ocrx_word' id='word_1_36' title='bbox 44 715 158 774; x_wconf 79' lang='lat' dir='ltr'>astare.</span> <span class='ocrx_word' id='word_1_37' title='bbox 194 712 306 771; x_wconf 90' lang='lat' dir='ltr'>rationi</span> <span class='ocrx_word' id='word_1_38' title='bbox 328 711 447 786; x_wconf 87' lang='lat' dir='ltr'>suffieit,</span> <span class='ocrx_word' id='word_1_39' title='bbox 471 711 550 786; x_wconf 93' lang='lat' dir='ltr'>quod</span> <span class='ocrx_word' id='word_1_40' title='bbox 573 711 734 786; x_wconf 89' lang='lat' dir='ltr'>aliquando</span> <span class='ocrx_word' id='word_1_41' title='bbox 757 713 819 771; x_wconf 89' lang='lat' dir='ltr'>iam</span> <span class='ocrx_word' id='word_1_42' title='bbox 840 713 922 770; x_wconf 85' lang='lat' dir='ltr'>faeta</span> <span class='ocrx_word' id='word_1_43' title='bbox 940 731 975 769; x_wconf 91' lang='lat' dir='ltr'>ex</span> <span class='ocrx_word' id='word_1_44' title='bbox 995 713 1082 771; x_wconf 89' lang='lat' dir='ltr'>unius</span> 
     </span>
     <span class='ocr_line' id='line_1_7' title="bbox 70 801 1084 877; baseline 0.001 -19"><span class='ocrx_word' id='word_1_45' title='bbox 70 802 200 860; x_wconf 89' lang='lat' dir='ltr'>hominis</span> <span class='ocrx_word' id='word_1_46' title='bbox 217 801 402 877; x_wconf 77' lang='lat' dir='ltr'>inspectione</span> <span class='ocrx_word' id='word_1_47' title='bbox 421 801 460 859; x_wconf 87' lang='lat' dir='ltr'>ad</span> <span class='ocrx_word' id='word_1_48' title='bbox 476 802 571 860; x_wconf 87' lang='grc'><strong>101111</strong></span> <span class='ocrx_word' id='word_1_49' title='bbox 589 801 775 860; x_wconf 76' lang='lat' dir='ltr'>intellectum</span> <span class='ocrx_word' id='word_1_50' title='bbox 793 804 918 860; x_wconf 88' lang='lat' dir='ltr'>naturae</span> <span class='ocrx_word' id='word_1_51' title='bbox 936 801 1084 860; x_wconf 80' lang='lat' dir='ltr'>medisina</span> 
     </span>
     <span class='ocr_line' id='line_1_8' title="bbox 70 887 1084 968; baseline -0.002 -19"><span class='ocrx_word' id='word_1_52' title='bbox 70 887 219 967; x_wconf 79' lang='lat' dir='ltr'>profecit?</span> <span class='ocrx_word' id='word_1_53' title='bbox 265 890 337 964; x_wconf 90' lang='lat' dir='ltr'>quid</span> <span class='ocrx_word' id='word_1_54' title='bbox 360 890 514 949; x_wconf 74' lang='lat' dir='ltr'>adlaturus</span> <span class='ocrx_word' id='word_1_55' title='bbox 541 891 611 948; x_wconf 89' lang='lat' dir='ltr'>huie</span> <span class='ocrx_word' id='word_1_56' title='bbox 635 892 756 968; x_wconf 88' lang='lat' dir='ltr'>aegroto</span> <span class='ocrx_word' id='word_1_57' title='bbox 780 892 825 950; x_wconf 91' lang='lat' dir='ltr'>est</span> <span class='ocrx_word' id='word_1_58' title='bbox 848 890 928 965; x_wconf 92' lang='lat' dir='ltr'>quod</span> <span class='ocrx_word' id='word_1_59' title='bbox 949 909 1009 949; x_wconf 93' lang='lat' dir='ltr'>non</span> <span class='ocrx_word' id='word_1_60' title='bbox 1036 891 1084 948; x_wconf 90' lang='grc'>101</span> 
     </span>
     <span class='ocr_line' id='line_1_9' title="bbox 71 976 1083 1056; baseline -0.003 -17"><span class='ocrx_word' id='word_1_61' title='bbox 71 980 270 1052; x_wconf 80' lang='lat' dir='ltr'>saeculorum,</span> <span class='ocrx_word' id='word_1_62' title='bbox 292 980 340 1037; x_wconf 88' lang='lat' dir='ltr'>tot</span> <span class='ocrx_word' id='word_1_63' title='bbox 362 979 570 1056; x_wconf 68' lang='lat' dir='ltr'>languentium</span> <span class='ocrx_word' id='word_1_64' title='bbox 593 980 794 1055; x_wconf 89' lang='lat' dir='ltr'>experimenta</span> <span class='ocrx_word' id='word_1_65' title='bbox 816 976 1083 1055; x_wconf 80' lang='lat' dir='ltr'>deprehenderint?</span> 
     </span>
     <span class='ocr_line' id='line_1_10' title="bbox 71 1068 1083 1146; baseline 0 -18"><span class='ocrx_word' id='word_1_66' title='bbox 71 1070 116 1128; x_wconf 82' lang='lat' dir='ltr'>Vis</span> <span class='ocrx_word' id='word_1_67' title='bbox 139 1070 174 1126; x_wconf 93' lang='lat' dir='ltr'>tu</span> <span class='ocrx_word' id='word_1_68' title='bbox 195 1069 297 1144; x_wconf 85' lang='lat' dir='ltr'>potius</span> <span class='ocrx_word' id='word_1_69' title='bbox 320 1068 376 1126; x_wconf 87' lang='lat' dir='ltr'>hae</span> <span class='ocrx_word' id='word_1_70' title='bbox 399 1068 524 1126; x_wconf 81' lang='lat' dir='ltr'>audacia</span> <span class='ocrx_word' id='word_1_71' title='bbox 548 1087 607 1142; x_wconf 91' lang='lat' dir='ltr'>qua</span> <span class='ocrx_word' id='word_1_72' title='bbox 630 1070 744 1127; x_wconf 88' lang='lat' dir='ltr'>seereta</span> <span class='ocrx_word' id='word_1_73' title='bbox 768 1068 921 1146; x_wconf 88' lang='lat' dir='ltr'>languoris</span> <span class='ocrx_word' id='word_1_74' title='bbox 944 1070 1083 1142; x_wconf 83' lang='lat' dir='ltr'>exquiris,</span> 
     </span>
     <span class='ocr_line' id='line_1_11' title="bbox 31 1154 1084 1233; baseline -0.002 -15"><span class='ocrx_word' id='word_1_75' title='bbox 31 1179 57 1218; x_wconf 87' lang='grc'>10</span> <span class='ocrx_word' id='word_1_76' title='bbox 70 1157 201 1216; x_wconf 90' lang='lat' dir='ltr'>remedia</span> <span class='ocrx_word' id='word_1_77' title='bbox 218 1154 389 1232; x_wconf 74' lang='lat' dir='ltr'>temptare?</span> <span class='ocrx_word' id='word_1_78' title='bbox 425 1157 543 1215; x_wconf 80' lang='lat' dir='ltr'>brevior</span> <span class='ocrx_word' id='word_1_79' title='bbox 561 1159 612 1215; x_wconf 82' lang='lat' dir='ltr'>via</span> <span class='ocrx_word' id='word_1_80' title='bbox 631 1158 769 1216; x_wconf 88' lang='lat' dir='ltr'>sanitatis</span> <span class='ocrx_word' id='word_1_81' title='bbox 787 1158 943 1231; x_wconf 89' lang='lat' dir='ltr'>humanae,</span> <span class='ocrx_word' id='word_1_82' title='bbox 962 1159 1084 1233; x_wconf 88' lang='lat' dir='ltr'>propior</span> 
     </span>
     <span class='ocr_line' id='line_1_12' title="bbox 70 1246 1084 1306; baseline -0.001 -1"><span class='ocrx_word' id='word_1_83' title='bbox 70 1248 189 1306; x_wconf 88' lang='lat' dir='ltr'>nostrae</span> <span class='ocrx_word' id='word_1_84' title='bbox 219 1246 324 1304; x_wconf 85' lang='lat' dir='ltr'>salutis</span> <span class='ocrx_word' id='word_1_85' title='bbox 357 1246 473 1305; x_wconf 78' lang='lat' dir='ltr'>utilitas</span> <span class='ocrx_word' id='word_1_86' title='bbox 506 1248 558 1306; x_wconf 85' lang='lat' dir='ltr'>est.</span> <span class='ocrx_word' id='word_1_87' title='bbox 609 1247 635 1305; x_wconf 90' lang='lat' dir='ltr'>si</span> <span class='ocrx_word' id='word_1_88' title='bbox 666 1248 813 1306; x_wconf 86' lang='lat' dir='ltr'>viseerum</span> <span class='ocrx_word' id='word_1_89' title='bbox 849 1248 959 1306; x_wconf 91' lang='lat' dir='ltr'>nimius</span> <span class='ocrx_word' id='word_1_90' title='bbox 995 1247 1084 1305; x_wconf 89' lang='lat' dir='ltr'>ardor</span> 
     </span>
     <span class='ocr_line' id='line_1_13' title="bbox 70 1334 1082 1409; baseline -0.002 -15"><span class='ocrx_word' id='word_1_91' title='bbox 70 1337 176 1395; x_wconf 82' lang='lat' dir='ltr'>striata</span> <span class='ocrx_word' id='word_1_92' title='bbox 199 1337 277 1394; x_wconf 85' lang='lat' dir='ltr'>eirea</span> <span class='ocrx_word' id='word_1_93' title='bbox 300 1353 331 1393; x_wconf 89' lang='lat' dir='ltr'>se</span> <span class='ocrx_word' id='word_1_94' title='bbox 353 1335 486 1393; x_wconf 88' lang='lat' dir='ltr'>membra</span> <span class='ocrx_word' id='word_1_95' title='bbox 509 1334 637 1409; x_wconf 87' lang='lat' dir='ltr'>duravit,</span> <span class='ocrx_word' id='word_1_96' title='bbox 661 1335 767 1394; x_wconf 83' lang='lat' dir='ltr'>adhibe</span> <span class='ocrx_word' id='word_1_97' title='bbox 785 1335 918 1394; x_wconf 89' lang='lat' dir='ltr'>remedia</span> <span class='ocrx_word' id='word_1_98' title='bbox 939 1337 1082 1394; x_wconf 87' lang='lat' dir='ltr'>laxantia.</span> 
     </span>
     <span class='ocr_line' id='line_1_14' title="bbox 70 1423 1083 1500; baseline -0.002 -16"><span class='ocrx_word' id='word_1_99' title='bbox 70 1426 97 1484; x_wconf 92' lang='lat' dir='ltr'>si</span> <span class='ocrx_word' id='word_1_100' title='bbox 122 1423 223 1482; x_wconf 83' lang='lat' dir='ltr'>fluitat</span> <span class='ocrx_word' id='word_1_101' title='bbox 245 1425 335 1483; x_wconf 91' lang='lat' dir='ltr'>nimis</span> <span class='ocrx_word' id='word_1_102' title='bbox 359 1443 447 1500; x_wconf 85' lang='lat' dir='ltr'>aeger</span> <span class='ocrx_word' id='word_1_103' title='bbox 469 1424 655 1497; x_wconf 83' lang='lat' dir='ltr'>humoribus,</span> <span class='ocrx_word' id='word_1_104' title='bbox 683 1426 802 1499; x_wconf 88' lang='lat' dir='ltr'>praesto</span> <span class='ocrx_word' id='word_1_105' title='bbox 831 1426 903 1498; x_wconf 89' lang='lat' dir='ltr'>sint,</span> <span class='ocrx_word' id='word_1_106' title='bbox 931 1444 984 1500; x_wconf 88' lang='lat' dir='ltr'>per</span> <span class='ocrx_word' id='word_1_107' title='bbox 1008 1443 1083 1499; x_wconf 89' lang='lat' dir='ltr'>quae</span> 
     </span>
     <span class='ocr_line' id='line_1_15' title="bbox 70 1513 1084 1590; baseline 0 -19"><span class='ocrx_word' id='word_1_108' title='bbox 70 1515 178 1590; x_wconf 84' lang='lat' dir='ltr'>pressis</span> <span class='ocrx_word' id='word_1_109' title='bbox 207 1514 354 1587; x_wconf 88' lang='lat' dir='ltr'>elusisqne</span> <span class='ocrx_word' id='word_1_110' title='bbox 377 1514 460 1572; x_wconf 82' lang='lat' dir='ltr'>venis</span> <span class='ocrx_word' id='word_1_111' title='bbox 483 1513 516 1570; x_wconf 91' lang='lat' dir='ltr'>in</span> <span class='ocrx_word' id='word_1_112' title='bbox 538 1531 631 1572; x_wconf 82' lang='lat' dir='ltr'>novas</span> <span class='ocrx_word' id='word_1_113' title='bbox 654 1514 732 1572; x_wconf 86' lang='lat' dir='ltr'>vires</span> <span class='ocrx_word' id='word_1_114' title='bbox 755 1531 862 1589; x_wconf 85' lang='lat' dir='ltr'>eorpus</span> <span class='ocrx_word' id='word_1_115' title='bbox 889 1514 1012 1572; x_wconf 87' lang='lat' dir='ltr'>areseat.</span> <span class='ocrx_word' id='word_1_116' title='bbox 1058 1514 1084 1572; x_wconf 90' lang='lat' dir='ltr'>si</span> 
     </span>
     <span class='ocr_line' id='line_1_16' title="bbox 31 1601 1083 1678; baseline -0.002 -16"><span class='ocrx_word' id='word_1_117' title='bbox 31 1622 57 1662; x_wconf 79' lang='lat' dir='ltr'>rs</span> <span class='ocrx_word' id='word_1_118' title='bbox 70 1621 177 1678; x_wconf 91' lang='lat' dir='ltr'>parum</span> <span class='ocrx_word' id='word_1_119' title='bbox 203 1601 325 1677; x_wconf 91' lang='lat' dir='ltr'>prodest</span> <span class='ocrx_word' id='word_1_120' title='bbox 352 1601 546 1675; x_wconf 84' lang='lat' dir='ltr'>abstinentia,</span> <span class='ocrx_word' id='word_1_121' title='bbox 573 1619 676 1660; x_wconf 90' lang='lat' dir='ltr'>rursus</span> <span class='ocrx_word' id='word_1_122' title='bbox 704 1602 838 1660; x_wconf 90' lang='lat' dir='ltr'>oibornm</span> <span class='ocrx_word' id='word_1_123' title='bbox 866 1601 1012 1676; x_wconf 88' lang='lat' dir='ltr'>qualitate</span> <span class='ocrx_word' id='word_1_124' title='bbox 1039 1603 1083 1660; x_wconf 88' lang='lat' dir='ltr'>fo·</span> 
     </span>
     <span class='ocr_line' id='line_1_17' title="bbox 72 1691 1083 1766; baseline -0.001 -16"><span class='ocrx_word' id='word_1_125' title='bbox 72 1692 184 1750; x_wconf 83' lang='lat' dir='ltr'>veatur.</span> <span class='ocrx_word' id='word_1_126' title='bbox 216 1692 243 1750; x_wconf 94' lang='lat' dir='ltr'>si</span> <span class='ocrx_word' id='word_1_127' title='bbox 261 1691 385 1766; x_wconf 86' lang='lat' dir='ltr'>spiritus</span> <span class='ocrx_word' id='word_1_128' title='bbox 402 1693 528 1766; x_wconf 88' lang='lat' dir='ltr'>reoeptis</span> <span class='ocrx_word' id='word_1_129' title='bbox 546 1692 693 1766; x_wconf 88' lang='lat' dir='ltr'>premitur</span> <span class='ocrx_word' id='word_1_130' title='bbox 711 1691 870 1764; x_wconf 88' lang='lat' dir='ltr'>alimentis,</span> <span class='ocrx_word' id='word_1_131' title='bbox 893 1691 932 1749; x_wconf 89' lang='lat' dir='ltr'>ad</span> <span class='ocrx_word' id='word_1_132' title='bbox 949 1692 1083 1766; x_wconf 88' lang='lat' dir='ltr'>puriores</span> 
     </span>
     <span class='ocr_line' id='line_1_18' title="bbox 70 1779 1083 1858; baseline -0.001 -20"><span class='ocrx_word' id='word_1_133' title='bbox 70 1782 186 1838; x_wconf 88' lang='lat' dir='ltr'>meatus</span> <span class='ocrx_word' id='word_1_134' title='bbox 208 1781 319 1838; x_wconf 91' lang='lat' dir='ltr'>ieiunio</span> <span class='ocrx_word' id='word_1_135' title='bbox 343 1779 481 1853; x_wconf 87' lang='lat' dir='ltr'>fameque</span> <span class='ocrx_word' id='word_1_136' title='bbox 503 1781 650 1838; x_wconf 84' lang='lat' dir='ltr'>tenuetur.</span> <span class='ocrx_word' id='word_1_137' title='bbox 687 1781 814 1858; x_wconf 90' lang='lat' dir='ltr'>eontigit</span> <span class='ocrx_word' id='word_1_138' title='bbox 832 1780 890 1838; x_wconf 82' lang='lat' dir='ltr'>tibi</span> <span class='ocrx_word' id='word_1_139' title='bbox 907 1799 1017 1857; x_wconf 89' lang='lat' dir='ltr'>magua</span> <span class='ocrx_word' id='word_1_140' title='bbox 1036 1799 1083 1838; x_wconf 91' lang='lat' dir='ltr'>ex-</span> 
     </span>
     <span class='ocr_line' id='line_1_19' title="bbox 70 1869 1083 1946; baseline 0 -19"><span class='ocrx_word' id='word_1_141' title='bbox 70 1870 304 1945; x_wconf 88' lang='lat' dir='ltr'>perimentorum</span> <span class='ocrx_word' id='word_1_142' title='bbox 322 1869 457 1943; x_wconf 88' lang='lat' dir='ltr'>materia,</span> <span class='ocrx_word' id='word_1_143' title='bbox 475 1869 597 1942; x_wconf 88' lang='lat' dir='ltr'>medioe,</span> <span class='ocrx_word' id='word_1_144' title='bbox 616 1870 698 1946; x_wconf 79' lang='lat' dir='ltr'>aegri</span> <span class='ocrx_word' id='word_1_145' title='bbox 717 1869 776 1929; x_wconf 94' lang='lat' dir='ltr'>duo</span> <span class='ocrx_word' id='word_1_146' title='bbox 795 1871 826 1927; x_wconf 88' lang='lat' dir='ltr'>et</span> <span class='ocrx_word' id='word_1_147' title='bbox 847 1869 975 1945; x_wconf 81' lang='lat' dir='ltr'>languor</span> <span class='ocrx_word' id='word_1_148' title='bbox 996 1869 1083 1928; x_wconf 92' lang='lat' dir='ltr'>idem.</span> 
     </span>
     <span class='ocr_line' id='line_1_20' title="bbox 71 1958 1083 2033; baseline 0.001 -18"><span class='ocrx_word' id='word_1_149' title='bbox 71 1977 131 2017; x_wconf 90' lang='lat' dir='ltr'>non</span> <span class='ocrx_word' id='word_1_150' title='bbox 158 1959 203 2016; x_wconf 90' lang='lat' dir='ltr'>est</span> <span class='ocrx_word' id='word_1_151' title='bbox 230 1976 317 2033; x_wconf 86' lang='lat' dir='ltr'>opus,</span> <span class='ocrx_word' id='word_1_152' title='bbox 345 1959 380 2015; x_wconf 88' lang='lat' dir='ltr'>ut</span> <span class='ocrx_word' id='word_1_153' title='bbox 407 1959 541 2033; x_wconf 87' lang='lat' dir='ltr'>expeotes</span> <span class='ocrx_word' id='word_1_154' title='bbox 573 1958 692 2032; x_wconf 91' lang='lat' dir='ltr'>quando</span> <span class='ocrx_word' id='word_1_155' title='bbox 725 1977 814 2033; x_wconf 87' lang='lat' dir='ltr'>super</span> <span class='ocrx_word' id='word_1_156' title='bbox 840 1959 928 2017; x_wconf 88' lang='lat' dir='ltr'>unius</span> <span class='ocrx_word' id='word_1_157' title='bbox 954 1958 1083 2016; x_wconf 89' lang='lat' dir='ltr'>hominis</span> 
     </span>
     <span class='ocr_line' id='line_1_21' title="bbox 30 2047 1084 2124; baseline -0.002 -16"><span class='ocrx_word' id='word_1_158' title='bbox 30 2048 250 2123; x_wconf 67' lang='lat' dir='ltr'>inpatientiam</span> <span class='ocrx_word' id='word_1_159' title='bbox 273 2047 400 2122; x_wconf 84' lang='lat' dir='ltr'>explicet</span> <span class='ocrx_word' id='word_1_160' title='bbox 421 2047 645 2122; x_wconf 84' lang='lat' dir='ltr'>profuturorum</span> <span class='ocrx_word' id='word_1_161' title='bbox 667 2065 778 2124; x_wconf 88' lang='lat' dir='ltr'>magna</span> <span class='ocrx_word' id='word_1_162' title='bbox 800 2047 965 2107; x_wconf 87' lang='lat' dir='ltr'>diversitas.</span> <span class='ocrx_word' id='word_1_163' title='bbox 999 2050 1084 2121; x_wconf 87' lang='lat' dir='ltr'>potes</span> 
     </span>
     <span class='ocr_line' id='line_1_22' title="bbox 71 2135 1083 2213; baseline 0 -19"><span class='ocrx_word' id='word_1_164' title='bbox 71 2135 199 2212; x_wconf 91' lang='lat' dir='ltr'>experiri</span> <span class='ocrx_word' id='word_1_165' title='bbox 225 2136 339 2211; x_wconf 87' lang='lat' dir='ltr'>pariter</span> <span class='ocrx_word' id='word_1_166' title='bbox 366 2135 481 2209; x_wconf 87' lang='lat' dir='ltr'>eadem,</span> <span class='ocrx_word' id='word_1_167' title='bbox 514 2139 723 2212; x_wconf 82' lang='lat' dir='ltr'>consentanea,</span> <span class='ocrx_word' id='word_1_168' title='bbox 752 2136 881 2211; x_wconf 82' lang='lat' dir='ltr'>diversa,</span> <span class='ocrx_word' id='word_1_169' title='bbox 908 2137 1083 2213; x_wconf 87' lang='lat' dir='ltr'>pugnantia.</span> 
     </span>
     <span class='ocr_line' id='line_1_23' title="bbox 71 2224 1083 2303; baseline 0.002 -21"><span class='ocrx_word' id='word_1_170' title='bbox 71 2224 155 2282; x_wconf 92' lang='lat' dir='ltr'>nulla</span> <span class='ocrx_word' id='word_1_171' title='bbox 177 2224 255 2282; x_wconf 88' lang='lat' dir='ltr'>ratio</span> <span class='ocrx_word' id='word_1_172' title='bbox 279 2226 324 2283; x_wconf 89' lang='lat' dir='ltr'>est</span> <span class='ocrx_word' id='word_1_173' title='bbox 346 2224 511 2299; x_wconf 87' lang='lat' dir='ltr'>vulnerum,</span> <span class='ocrx_word' id='word_1_174' title='bbox 536 2227 698 2303; x_wconf 89' lang='lat' dir='ltr'>sanguinis,</span> <span class='ocrx_word' id='word_1_175' title='bbox 723 2244 935 2301; x_wconf 86' lang='lat' dir='ltr'>supremorum.</span> <span class='ocrx_word' id='word_1_176' title='bbox 983 2244 1083 2300; x_wconf 91' lang='lat' dir='ltr'>quem·</span> 
     </span>
     <span class='ocr_line' id='line_1_24' title="bbox 72 2313 1085 2390; baseline -0.001 -17"><span class='ocrx_word' id='word_1_177' title='bbox 72 2313 232 2373; x_wconf 87' lang='lat' dir='ltr'>admodum</span> <span class='ocrx_word' id='word_1_178' title='bbox 256 2313 355 2372; x_wconf 90' lang='lat' dir='ltr'>sanari</span> <span class='ocrx_word' id='word_1_179' title='bbox 378 2313 485 2372; x_wconf 91' lang='lat' dir='ltr'>debeat</span> <span class='ocrx_word' id='word_1_180' title='bbox 508 2314 584 2373; x_wconf 85' lang='lat' dir='ltr'>alius</span> <span class='ocrx_word' id='word_1_181' title='bbox 609 2333 705 2390; x_wconf 87' lang='lat' dir='ltr'>aeger,</span> <span class='ocrx_word' id='word_1_182' title='bbox 729 2316 803 2374; x_wconf 87' lang='lat' dir='ltr'>seire</span> <span class='ocrx_word' id='word_1_183' title='bbox 825 2334 885 2373; x_wconf 93' lang='lat' dir='ltr'>non</span> <span class='ocrx_word' id='word_1_184' title='bbox 907 2316 1003 2390; x_wconf 90' lang='lat' dir='ltr'>possis</span> <span class='ocrx_word' id='word_1_185' title='bbox 1026 2316 1085 2374; x_wconf 93' lang='lat' dir='ltr'>nisi</span> 
     </span>
     <span class='ocr_line' id='line_1_25' title="bbox 73 2401 1084 2479; baseline 0 -19"><span class='ocrx_word' id='word_1_186' title='bbox 73 2421 108 2461; x_wconf 91' lang='lat' dir='ltr'>ex</span> <span class='ocrx_word' id='word_1_187' title='bbox 130 2403 250 2460; x_wconf 92' lang='lat' dir='ltr'>homine</span> <span class='ocrx_word' id='word_1_188' title='bbox 273 2405 386 2461; x_wconf 88' lang='lat' dir='ltr'>sanato.</span> <span class='ocrx_word' id='word_1_189' title='bbox 434 2401 526 2477; x_wconf 80' lang='lat' dir='ltr'>quid?</span> <span class='ocrx_word' id='word_1_190' title='bbox 554 2403 633 2478; x_wconf 92' lang='lat' dir='ltr'>qnod</span> <span class='ocrx_word' id='word_1_191' title='bbox 656 2405 761 2479; x_wconf 87' lang='lat' dir='ltr'>etiam,</span> <span class='ocrx_word' id='word_1_192' title='bbox 783 2405 819 2461; x_wconf 88' lang='lat' dir='ltr'>ut</span> <span class='ocrx_word' id='word_1_193' title='bbox 840 2403 920 2461; x_wconf 89' lang='lat' dir='ltr'>idem</span> <span class='ocrx_word' id='word_1_194' title='bbox 942 2403 982 2461; x_wconf 86' lang='lat' dir='ltr'>sit</span> <span class='ocrx_word' id='word_1_195' title='bbox 1004 2404 1084 2461; x_wconf 85' lang='lat' dir='ltr'>vale-</span> 
     </span>
     <span class='ocr_line' id='line_1_26' title="bbox 32 2491 1084 2568; baseline -0.004 -16"><span class='ocrx_word' id='word_1_196' title='bbox 32 2512 59 2552; x_wconf 81' lang='grc'>11</span> <span class='ocrx_word' id='word_1_197' title='bbox 72 2491 186 2550; x_wconf 90' lang='lat' dir='ltr'>tudinis</span> <span class='ocrx_word' id='word_1_198' title='bbox 210 2511 311 2568; x_wconf 87' lang='lat' dir='ltr'>genus,</span> <span class='ocrx_word' id='word_1_199' title='bbox 334 2510 451 2550; x_wconf 88' lang='lat' dir='ltr'>neeesse</span> <span class='ocrx_word' id='word_1_200' title='bbox 474 2494 519 2551; x_wconf 88' lang='lat' dir='ltr'>est</span> <span class='ocrx_word' id='word_1_201' title='bbox 540 2495 642 2550; x_wconf 88' lang='lat' dir='ltr'>tamen</span> <span class='ocrx_word' id='word_1_202' title='bbox 660 2492 787 2551; x_wconf 88' lang='lat' dir='ltr'>duorum</span> <span class='ocrx_word' id='word_1_203' title='bbox 809 2510 966 2568; x_wconf 76' lang='lat' dir='ltr'>eor-porum</span> <span class='ocrx_word' id='word_1_204' title='bbox 988 2491 1084 2549; x_wconf 82' lang='lat' dir='ltr'>diver-</span> 
     </span>
     <span class='ocr_line' id='line_1_27' title="bbox 71 2581 1084 2655; baseline -0.001 -15"><span class='ocrx_word' id='word_1_205' title='bbox 71 2581 160 2640; x_wconf 88' lang='lat' dir='ltr'>sitate</span> <span class='ocrx_word' id='word_1_206' title='bbox 190 2581 330 2641; x_wconf 88' lang='lat' dir='ltr'>varietur.</span> <span class='ocrx_word' id='word_1_207' title='bbox 376 2600 530 2655; x_wconf 91' lang='lat' dir='ltr'>nunqnam</span> <span class='ocrx_word' id='word_1_208' title='bbox 558 2583 591 2639; x_wconf 89' lang='lat' dir='ltr'>in</span> <span class='ocrx_word' id='word_1_209' title='bbox 622 2581 726 2641; x_wconf 89' lang='lat' dir='ltr'>alienis</span> <span class='ocrx_word' id='word_1_210' title='bbox 756 2581 917 2640; x_wconf 77' lang='lat' dir='ltr'>visceribus</span> <span class='ocrx_word' id='word_1_211' title='bbox 949 2582 1084 2639; x_wconf 87' lang='lat' dir='ltr'>invenias</span> 
     </span>
    </p>
   </div>
   <div class='ocr_carea' id='block_1_3' title="bbox 70 2669 1085 2925">
    <p class='ocr_par' dir='ltr' id='par_1_3' title="bbox 70 2669 1085 2925">
     <span class='ocr_line' id='line_1_28' title="bbox 71 2669 1084 2747; baseline -0.002 -19"><span class='ocrx_word' id='word_1_212' title='bbox 71 2671 170 2728; x_wconf 88' lang='lat' dir='ltr'>totum</span> <span class='ocrx_word' id='word_1_213' title='bbox 193 2670 273 2744; x_wconf 93' lang='lat' dir='ltr'>quod</span> <span class='ocrx_word' id='word_1_214' title='bbox 295 2669 331 2728; x_wconf 93' lang='lat' dir='ltr'>de</span> <span class='ocrx_word' id='word_1_215' title='bbox 354 2670 449 2728; x_wconf 88' lang='lat' dir='ltr'>altero</span> <span class='ocrx_word' id='word_1_216' title='bbox 470 2688 605 2746; x_wconf 88' lang='lat' dir='ltr'>quaeras,</span> <span class='ocrx_word' id='word_1_217' title='bbox 629 2673 659 2728; x_wconf 88' lang='lat' dir='ltr'>et</span> <span class='ocrx_word' id='word_1_218' title='bbox 681 2671 759 2729; x_wconf 87' lang='lat' dir='ltr'>alius</span> <span class='ocrx_word' id='word_1_219' title='bbox 782 2671 908 2747; x_wconf 85' lang='lat' dir='ltr'>languor</span> <span class='ocrx_word' id='word_1_220' title='bbox 931 2671 985 2743; x_wconf 87' lang='lat' dir='ltr'>est,</span> <span class='ocrx_word' id='word_1_221' title='bbox 1008 2670 1084 2727; x_wconf 88' lang='lat' dir='ltr'>alius</span> 
     </span>
     <span class='ocr_line' id='line_1_29' title="bbox 72 2756 1085 2836; baseline -0.002 -19"><span class='ocrx_word' id='word_1_222' title='bbox 72 2777 168 2836; x_wconf 89' lang='lat' dir='ltr'>aeger.</span> <span class='ocrx_word' id='word_1_223' title='bbox 214 2777 267 2817; x_wconf 87' lang='lat' dir='ltr'>our</span> <span class='ocrx_word' id='word_1_224' title='bbox 288 2760 451 2817; x_wconf 88' lang='lat' dir='ltr'>maximum</span> <span class='ocrx_word' id='word_1_225' title='bbox 473 2759 557 2818; x_wconf 88' lang='lat' dir='ltr'>nefas</span> <span class='ocrx_word' id='word_1_226' title='bbox 581 2759 702 2819; x_wconf 86' lang='lat' dir='ltr'>alterins</span> <span class='ocrx_word' id='word_1_227' title='bbox 730 2759 786 2817; x_wconf 90' lang='lat' dir='ltr'>filii</span> <span class='ocrx_word' id='word_1_228' title='bbox 808 2759 905 2818; x_wconf 86' lang='lat' dir='ltr'>salute</span> <span class='ocrx_word' id='word_1_229' title='bbox 931 2756 1085 2817; x_wconf 78' lang='lat' dir='ltr'>defendis?</span> 
     </span>
     <span class='ocr_line' id='line_1_30' title="bbox 70 2847 1083 2925; baseline -0.002 -16"><span class='ocrx_word' id='word_1_230' title='bbox 70 2848 169 2922; x_wconf 90' lang='lat' dir='ltr'>homo,</span> <span class='ocrx_word' id='word_1_231' title='bbox 191 2848 223 2905; x_wconf 92' lang='lat' dir='ltr'>in</span> <span class='ocrx_word' id='word_1_232' title='bbox 244 2866 302 2922; x_wconf 92' lang='lat' dir='ltr'>qno</span> <span class='ocrx_word' id='word_1_233' title='bbox 325 2847 390 2906; x_wconf 88' lang='lat' dir='ltr'>sola</span> <span class='ocrx_word' id='word_1_234' title='bbox 413 2847 567 2922; x_wconf 88' lang='lat' dir='ltr'>quaeritur</span> <span class='ocrx_word' id='word_1_235' title='bbox 585 2867 673 2907; x_wconf 88' lang='lat' dir='ltr'>eausa</span> <span class='ocrx_word' id='word_1_236' title='bbox 694 2848 857 2925; x_wconf 85' lang='lat' dir='ltr'>languoris,</span> <span class='ocrx_word' id='word_1_237' title='bbox 879 2850 1002 2923; x_wconf 88' lang='lat' dir='ltr'>propter</span> <span class='ocrx_word' id='word_1_238' title='bbox 1023 2867 1083 2907; x_wconf 94' lang='lat' dir='ltr'>me·</span> 
     </span>
    </p>
   </div>
   <div class='ocr_carea' id='block_1_4' title="bbox 73 3015 1089 3515">
    <p class='ocr_par' dir='ltr' id='par_1_4' title="bbox 73 3015 1089 3515">
     <span class='ocr_line' id='line_1_31' title="bbox 126 3015 1012 3086; baseline 0.003 -17"><span class='ocrx_word' id='word_1_239' title='bbox 126 3050 130 3060; x_wconf 79' lang='lat'>.</span> <span class='ocrx_word' id='word_1_240' title='bbox 145 3022 160 3069; x_wconf 97' lang='grc'>1</span> <span class='ocrx_word' id='word_1_241' title='bbox 180 3016 307 3071; x_wconf 84' lang='lat' dir='ltr'>conscius</span> <span class='ocrx_word' id='word_1_242' title='bbox 325 3033 393 3071; x_wconf 79' lang='lat' dir='ltr'>corr.</span> <span class='ocrx_word' id='word_1_243' title='bbox 413 3033 446 3071; x_wconf 76' lang='lat' dir='ltr'>ex</span> <span class='ocrx_word' id='word_1_244' title='bbox 464 3015 628 3086; x_wconf 69' lang='grc'><strong>1011111112)</strong></span> <span class='ocrx_word' id='word_1_245' title='bbox 642 3026 671 3070; x_wconf 99' lang='grc' dir='ltr'><em>Β</em></span> <span class='ocrx_word' id='word_1_246' title='bbox 741 3022 758 3069; x_wconf 85' lang='grc'>4</span> <span class='ocrx_word' id='word_1_247' title='bbox 781 3016 850 3084; x_wconf 89' lang='lat' dir='ltr'>quid</span> <span class='ocrx_word' id='word_1_248' title='bbox 868 3017 918 3071; x_wconf 82' lang='lat' dir='ltr'>del.</span> <span class='ocrx_word' id='word_1_249' title='bbox 934 3018 1012 3072; x_wconf 81' lang='lat' dir='ltr'>Deae.</span> 
     </span>
     <span class='ocr_line' id='line_1_32' title="bbox 74 3087 1085 3157; baseline 0.003 -17"><span class='ocrx_word' id='word_1_250' title='bbox 74 3092 90 3140; x_wconf 84' lang='lat'>5</span> <span class='ocrx_word' id='word_1_251' title='bbox 108 3087 213 3141; x_wconf 86' lang='lat' dir='ltr'>rationi</span> <span class='ocrx_word' id='word_1_252' title='bbox 230 3089 330 3157; x_wconf 80' lang='lat' dir='ltr'>scripsi</span> <span class='ocrx_word' id='word_1_253' title='bbox 335 3111 341 3142; x_wconf 74' lang='grc' dir='ltr'><strong><em>ε</em></strong></span> <span class='ocrx_word' id='word_1_254' title='bbox 360 3087 477 3142; x_wconf 83' lang='lat' dir='ltr'>rationis</span> <span class='ocrx_word' id='word_1_255' title='bbox 497 3109 519 3139; x_wconf 85' lang='grc' dir='ltr'><strong>ω</strong></span> <span class='ocrx_word' id='word_1_256' title='bbox 600 3088 676 3156; x_wconf 91' lang='lat' dir='ltr'>quod</span> <span class='ocrx_word' id='word_1_257' title='bbox 694 3088 744 3142; x_wconf 85' lang='lat' dir='ltr'>del.</span> <span class='ocrx_word' id='word_1_258' title='bbox 760 3090 837 3142; x_wconf 82' lang='lat' dir='ltr'>Dese.</span> <span class='ocrx_word' id='word_1_259' title='bbox 926 3092 939 3140; x_wconf 81' lang='lat' dir='ltr'><strong><em>V</em></strong></span> <span class='ocrx_word' id='word_1_260' title='bbox 960 3091 1004 3141; x_wconf 86' lang='lat' dir='ltr'>est</span> <span class='ocrx_word' id='word_1_261' title='bbox 1021 3093 1085 3143; x_wconf 77' lang='lat' dir='ltr'>aute</span> 
     </span>
     <span class='ocr_line' id='line_1_33' title="bbox 73 3158 1014 3226; baseline 0.001 -14"><span class='ocrx_word' id='word_1_262' title='bbox 73 3159 140 3212; x_wconf 89' lang='lat' dir='ltr'>huie</span> <span class='ocrx_word' id='word_1_263' title='bbox 157 3168 178 3211; x_wconf 87' lang='lat' dir='ltr'><strong><em>V</em></strong></span> <span class='ocrx_word' id='word_1_264' title='bbox 264 3165 279 3212; x_wconf 87' lang='grc'>9</span> <span class='ocrx_word' id='word_1_265' title='bbox 303 3159 357 3212; x_wconf 89' lang='lat' dir='ltr'>hae</span> <span class='ocrx_word' id='word_1_266' title='bbox 380 3159 481 3212; x_wconf 88' lang='lat' dir='ltr'>adaeia</span> <span class='ocrx_word' id='word_1_267' title='bbox 499 3159 619 3212; x_wconf 81' lang='lat' dir='ltr'>audacia</span> <span class='ocrx_word' id='word_1_268' title='bbox 637 3170 670 3226; x_wconf 84' lang='grc' dir='ltr'>Ρ,</span> <span class='ocrx_word' id='word_1_269' title='bbox 694 3158 794 3213; x_wconf 88' lang='lat' dir='ltr'>adaoia</span> <span class='ocrx_word' id='word_1_270' title='bbox 813 3159 862 3214; x_wconf 86' lang='lat' dir='ltr'>del.</span> <span class='ocrx_word' id='word_1_271' title='bbox 878 3175 978 3213; x_wconf 75' lang='lat' dir='ltr'>monus</span> <span class='ocrx_word' id='word_1_272' title='bbox 997 3163 1014 3213; x_wconf 87' lang='lat'><strong><em>3</em></strong></span> 
     </span>
     <span class='ocr_line' id='line_1_34' title="bbox 75 3229 1085 3301; baseline 0 -17"><span class='ocrx_word' id='word_1_273' title='bbox 75 3236 108 3284; x_wconf 83' lang='grc'>13</span> <span class='ocrx_word' id='word_1_274' title='bbox 130 3246 213 3301; x_wconf 88' lang='lat' dir='ltr'>aeger</span> <span class='ocrx_word' id='word_1_275' title='bbox 230 3230 393 3300; x_wconf 74' lang='lat' dir='ltr'>langoribus</span> <span class='ocrx_word' id='word_1_276' title='bbox 410 3229 573 3284; x_wconf 89' lang='lat' dir='ltr'>humoribus</span> <span class='ocrx_word' id='word_1_277' title='bbox 597 3240 618 3283; x_wconf 91' lang='lat' dir='ltr'><strong><em>V</em></strong></span> <span class='ocrx_word' id='word_1_278' title='bbox 677 3236 817 3284; x_wconf 76' lang='lat' dir='ltr'>renones</span> <span class='ocrx_word' id='word_1_279' title='bbox 837 3240 864 3282; x_wconf 81' lang='grc' dir='ltr'><em>Β</em></span> <span class='ocrx_word' id='word_1_280' title='bbox 925 3236 957 3284; x_wconf 78' lang='grc'>15</span> <span class='ocrx_word' id='word_1_281' title='bbox 977 3230 1085 3298; x_wconf 89' lang='lat' dir='ltr'>qualite</span> 
     </span>
     <span class='ocr_line' id='line_1_35' title="bbox 74 3301 1089 3372; baseline -0.001 -17"><span class='ocrx_word' id='word_1_282' title='bbox 74 3303 125 3372; x_wconf 89' lang='lat' dir='ltr'>(-te</span> <span class='ocrx_word' id='word_1_283' title='bbox 143 3305 175 3356; x_wconf 79' lang='lat' dir='ltr'>ia</span> <span class='ocrx_word' id='word_1_284' title='bbox 192 3303 258 3370; x_wconf 82' lang='lat' dir='ltr'>ras.)</span> <span class='ocrx_word' id='word_1_285' title='bbox 276 3302 304 3354; x_wconf 82' lang='lat' dir='ltr'><em>B</em></span> <span class='ocrx_word' id='word_1_286' title='bbox 366 3306 399 3355; x_wconf 82' lang='grc'>17</span> <span class='ocrx_word' id='word_1_287' title='bbox 419 3301 559 3371; x_wconf 85' lang='lat' dir='ltr'>contingit</span> <span class='ocrx_word' id='word_1_288' title='bbox 577 3312 601 3353; x_wconf 85' lang='lat' dir='ltr'><em>J</em></span> <span class='ocrx_word' id='word_1_289' title='bbox 663 3306 695 3354; x_wconf 83' lang='lat'>18</span> <span class='ocrx_word' id='word_1_290' title='bbox 717 3301 795 3372; x_wconf 89' lang='lat' dir='ltr'>aegri</span> <span class='ocrx_word' id='word_1_291' title='bbox 813 3302 881 3355; x_wconf 89' lang='lat' dir='ltr'>duo:</span> <span class='ocrx_word' id='word_1_292' title='bbox 902 3301 1049 3371; x_wconf 83' lang='lat' dir='ltr'>aegritudo</span> <span class='ocrx_word' id='word_1_293' title='bbox 1068 3311 1089 3354; x_wconf 99' lang='lat' dir='ltr'><strong><em>V</em></strong></span> 
     </span>
     <span class='ocr_line' id='line_1_36' title="bbox 74 3373 1086 3444; baseline 0 -17"><span class='ocrx_word' id='word_1_294' title='bbox 74 3379 107 3427; x_wconf 88' lang='grc'>19</span> <span class='ocrx_word' id='word_1_295' title='bbox 132 3389 226 3442; x_wconf 88' lang='lat' dir='ltr'>super:</span> <span class='ocrx_word' id='word_1_296' title='bbox 247 3388 345 3442; x_wconf 85' lang='lat' dir='ltr'>seper</span> <span class='ocrx_word' id='word_1_297' title='bbox 364 3384 380 3425; x_wconf 66' lang='grc'>1</span> <span class='ocrx_word' id='word_1_298' title='bbox 455 3375 596 3443; x_wconf 84' lang='lat' dir='ltr'>expectes:</span> <span class='ocrx_word' id='word_1_299' title='bbox 616 3373 755 3441; x_wconf 81' lang='lat' dir='ltr'>inspectes</span> <span class='ocrx_word' id='word_1_300' title='bbox 774 3373 851 3428; x_wconf 76' lang='lat' dir='ltr'>Deae.</span> <span class='ocrx_word' id='word_1_301' title='bbox 934 3377 968 3426; x_wconf 81' lang='lat'>20</span> <span class='ocrx_word' id='word_1_302' title='bbox 986 3374 1086 3444; x_wconf 67' lang='lat' dir='ltr'>potes}</span> 
     </span>
     <span class='ocr_line' id='line_1_37' title="bbox 73 3444 1014 3515; baseline -0.004 -15"><span class='ocrx_word' id='word_1_303' title='bbox 73 3446 97 3515; x_wconf 84' lang='lat' dir='ltr'>(t</span> <span class='ocrx_word' id='word_1_304' title='bbox 115 3446 214 3513; x_wconf 79' lang='grc' dir='ltr'><strong>11.)Β;</strong></span> <span class='ocrx_word' id='word_1_305' title='bbox 233 3445 328 3512; x_wconf 88' lang='lat' dir='ltr'>potest</span> <span class='ocrx_word' id='word_1_306' title='bbox 346 3453 378 3497; x_wconf 76' lang='grc' dir='ltr'><em>Β</em></span> <span class='ocrx_word' id='word_1_307' title='bbox 465 3450 497 3498; x_wconf 91' lang='grc'>11</span> <span class='ocrx_word' id='word_1_308' title='bbox 518 3445 717 3499; x_wconf 86' lang='lat' dir='ltr'>consentanea:</span> <span class='ocrx_word' id='word_1_309' title='bbox 737 3444 849 3498; x_wconf 86' lang='lat' dir='ltr'>eonseia</span> <span class='ocrx_word' id='word_1_310' title='bbox 866 3453 895 3510; x_wconf 76' lang='lat'>1,</span> <span class='ocrx_word' id='word_1_311' title='bbox 920 3456 1014 3500; x_wconf 70' lang='lat' dir='ltr'>eorm</span> 
     </span>
    </p>
   </div>
   <div class='ocr_carea' id='block_1_5' title="bbox 74 3531 952 3719">
    <p class='ocr_par' dir='ltr' id='par_1_5' title="bbox 74 3531 952 3719">
     <span class='ocr_line' id='line_1_38' title="bbox 74 3531 790 3640; baseline -0.001 -18"><span class='ocrx_word' id='word_1_312' title='bbox 74 3573 109 3622; x_wconf 79' lang='grc'>14</span> <span class='ocrx_word' id='word_1_313' title='bbox 127 3568 291 3623; x_wconf 83' lang='lat' dir='ltr'>valitudinis</span> <span class='ocrx_word' id='word_1_314' title='bbox 309 3577 331 3620; x_wconf 90' lang='lat' dir='ltr'><strong><em>V</em></strong></span> <span class='ocrx_word' id='word_1_315' title='bbox 399 3573 432 3622; x_wconf 89' lang='grc'>16</span> <span class='ocrx_word' id='word_1_316' title='bbox 452 3531 501 3622; x_wconf 81' lang='lat' dir='ltr'>ali1</span> <span class='ocrx_word' id='word_1_317' title='bbox 533 3578 561 3622; x_wconf 93' lang='grc' dir='ltr'><em>Β</em></span> <span class='ocrx_word' id='word_1_318' title='bbox 632 3573 665 3622; x_wconf 87' lang='grc'>18</span> <span class='ocrx_word' id='word_1_319' title='bbox 683 3571 751 3640; x_wconf 69' lang='lat' dir='ltr'>{eur</span> <span class='ocrx_word' id='word_1_320' title='bbox 769 3578 790 3621; x_wconf 99' lang='lat' dir='ltr'><strong><em>V</em></strong></span> 
     </span>
     <span class='ocr_line' id='line_1_39' title="bbox 128 3660 952 3719; baseline 0.011 -13"><span class='ocrx_word' id='word_1_321' title='bbox 128 3666 287 3719; x_wconf 76' lang='lat' dir='ltr'>Qmumurr</span> <span class='ocrx_word' id='word_1_322' title='bbox 299 3676 504 3710; x_wconf 75' lang='lat' dir='ltr'>nuonmrrouxs</span> <span class='ocrx_word' id='word_1_323' title='bbox 519 3669 553 3710; x_wconf 88' lang='lat' dir='ltr'>ed.</span> <span class='ocrx_word' id='word_1_324' title='bbox 567 3668 707 3713; x_wconf 75' lang='grc'><strong>1111111111.</strong></span> <span class='ocrx_word' id='word_1_325' title='bbox 910 3660 952 3708; x_wconf 65' lang='lat' dir='ltr'>U</span> 
     </span>
    </p>
   </div>
   <div class='ocr_carea' id='block_1_6' title="bbox 0 0 1223 3952">
    <p class='ocr_par' dir='ltr' id='par_1_6' title="bbox 0 0 1223 3952">
     <span class='ocr_line' id='line_1_40' title="bbox 0 0 1223 3952; baseline 0 0"><span class='ocrx_word' id='word_1_326' title='bbox 0 0 1223 3952; x_wconf 95' lang='lat' dir='ltr'> </span> 
     </span>
    </p>
   </div>
  </div>
 </body>
</html>
