2430 3952
334 235 336 242 ·
406 260 408 266 .
482 215 716 274 castanerio
734 217 831 272 ΧΠἩ
1079 218 1143 282 379

131 388 323 462 fnimentum,
346 389 417 464 quia
436 388 538 448 elassis
561 389 645 447 venit
662 389 695 446 in
712 386 840 463 portum.
886 388 930 446 ita
952 404 1005 447 vos
1028 387 1143 446 alienae

131 478 264 536 civitatis
293 477 426 556 legatum
448 479 582 536 misimus
611 479 641 536 et
663 477 829 536 vicinorum
859 476 972 536 deliciis
1001 476 1145 537 morimur

131 566 310 625 innocentes.
356 565 488 643 legatum
511 567 646 625 nostrum
669 584 758 641 quem
780 567 952 640 creavimus,
974 566 1037 623 iam
1059 567 1144 624 dinu-

130 654 253 714 meratis
275 655 457 731 temporibus
486 673 563 730 quae
590 654 711 714 secundi
737 656 820 713 venti
842 655 980 713 breviora
1002 654 1143 729 fecerunt,

102 743 241 803 scotidie
260 761 420 820 speramus,
443 762 498 802 nec
515 744 601 818 redit,
625 762 692 802 cum
710 745 812 819 possit.
858 745 918 819 ipsi
940 760 1010 821 ergo
1034 743 1145 803 dietam

132 833 334 891 calamitatem
365 834 491 908 imputo.
540 834 661 909 poteras
693 831 791 891 dicere
823 831 931 906 quibus
962 832 1145 891 frumentum

131 922 291 982 vendebas:
315 923 350 980 ut
367 924 498 981 vestram
517 922 670 980 civitatem
692 937 815 996 servem,
837 938 935 981 meam
956 923 1064 980 everto.
1110 923 1145 980 tu

131 1010 222 1086 duplo
240 1011 423 1069 frumentum
442 1009 544 1069 vendis
563 1012 594 1069 et
606 1010 662 1069 hoo
675 1009 757 1068 lucro
776 1010 921 1085 populum
936 1011 1023 1068 tuum
1036 1009 1144 1086 perdis.

131 1100 202 1158 dum
225 1099 349 1159 moraris
372 1099 540 1173 vendendo,
563 1099 760 1158 acceleramus
782 1099 944 1158 moriendo.
990 1099 1042 1158 sed
1065 1098 1144 1158 dices

83 1209 116 1247 ro
130 1188 244 1247 forsan:
267 1188 326 1248 nisi
349 1188 547 1247 vendidissem
569 1187 648 1246 fame
670 1187 821 1247 laboranti
839 1188 964 1263 civitati,
986 1189 1084 1262 timui,
1107 1206 1144 1248 ne

128 1280 254 1353 raperet.
293 1271 346 1355 [it]
360 1279 405 1336 ita
423 1278 527 1352 utique
545 1294 688 1353 occupare
702 1276 833 1351 voluisti,
847 1278 882 1334 ut
899 1276 984 1336 nobis
1002 1278 1145 1336 iniuriam

128 1369 162 1424 tu
184 1366 373 1441 potissimum
402 1366 522 1424 faceres.
575 1384 612 1423 ne
636 1382 690 1424 nos
719 1365 895 1441 periremus,
924 1384 984 1424 non
1006 1368 1144 1425 timuisti.

127 1456 241 1531 partire
259 1454 379 1514 deberes
394 1456 436 1513 eis
455 1453 558 1532 gratis,
576 1453 648 1512 dum
660 1454 746 1513 nobis
765 1453 881 1528 aliquid
899 1473 958 1530 quo
975 1450 1143 1532 res<p>ire

128 1563 208 1618 mus,
241 1543 368 1602 afferres.
421 1543 573 1602 fortunam
605 1542 724 1602 deberes
757 1543 907 1602 dimittere
935 1543 1032 1602 facere
1065 1545 1144 1619 quod

86 1632 227 1693 revellet.
267 1632 385 1709 legatus
404 1652 423 1691 a
439 1633 597 1709 praecepto
620 1650 681 1690 non
704 1631 832 1691 debuisti
850 1632 993 1691 recedere.
1034 1633 1143 1692 referre

127 1720 257 1780 debuisti
271 1721 355 1780 nobis
369 1722 512 1779 iniuriam
525 1722 667 1794 nostram,
685 1721 804 1779 mittere
820 1722 954 1795 nuntios3
973 1723 1019 1780 ira
1033 1722 1143 1781 famem

128 1811 319 1884 differremus,
342 1826 512 1885 raperemus
535 1810 666 1868 furentes
690 1828 788 1884 arma,
811 1810 842 1867 in
865 1810 1049 1869 obsidionem
1072 1810 1143 1870 eivi-

127 1899 200 1958 tatis
222 1900 345 1972 iremus,
375 1901 559 1958 vastaremus
581 1897 704 1956 interim
731 1897 817 1973 fines,
848 1918 902 1975 per
931 1899 1029 1958 aliena
1055 1901 1144 1975 prata

127 2005 323 2064 pasceremur,
345 1987 457 2046 bellum
479 2006 533 2047 nos
556 1987 657 2046 aleret.
704 1988 792 2047 citius
812 1987 850 2047 ad
872 1987 1055 2047 frumentum
1077 2007 1142 2064 per-

84 2079 295 2136 adveniremus
314 2096 404 2153 quam
418 2079 453 2135 tu
465 2095 534 2135 oum
552 2076 701 2135 birmento
720 2075 839 2135 redires.
876 2077 1007 2137 hostium
1021 2077 1143 2136 tandem

128 2165 321 2226 cadaveribus
344 2167 525 2240 viveremus,
552 2166 604 2224 ssd
628 2165 713 2224 nulla
739 2166 784 2225 vis
807 2165 879 2240 tuit,
907 2166 991 2225 nulla
1014 2168 1143 2226 exterior

127 2255 246 2329 iniuria,
264 2256 364 2314 nullus
383 2255 441 2314 sibi
458 2255 530 2314 fecit
543 2255 693 2313 iniuriam.
730 2254 827 2312 adhuc
845 2256 871 2313 si
888 2274 993 2331 rapere
1012 2256 1143 2314 alienum

126 2345 309 2402 frumentum
328 2346 359 2402 et
375 2346 501 2420 possunt
515 2345 545 2402 et
562 2343 676 2418 volunt,
696 2343 768 2419 quid
785 2343 830 2402 ita
845 2343 967 2419 duplam
984 2347 1144 2420 pecuniam

127 2430 267 2491 solvunt?
311 2450 381 2491 nam
399 2435 477 2492 sicut
494 2435 527 2491 in
544 2452 656 2510 magna
672 2433 775 2507 inopia
795 2433 937 2509 quiequid
955 2435 1014 2492 emi
1033 2435 1141 2509 potest,

84 2541 113 2582 as
127 2521 187 2578 vile
210 2522 267 2594 est,
296 2523 342 2580 ita
369 2539 436 2580 oum
457 2523 553 2598 possis
580 2521 689 2580 babere
716 2523 895 2598 grabritum,
925 2521 1016 2597 duplo
1038 2540 1142 2581 carum

128 2610 180 2669 est.
227 2608 278 2669 sed
299 2609 374 2667 mihi
396 2610 520 2685 credite,
545 2610 626 2669 color
648 2611 705 2668 iste
727 2610 887 2686 patrocinii
915 2613 959 2670 est
983 2613 1013 2669 et
1036 2610 1087 2668 diu
1109 2611 1143 2668 in

126 2699 229 2758 saturo
249 2700 311 2756 otio
329 2700 462 2775 cogitata
481 2698 622 2758 defensio.
665 2698 812 2774 numquid
830 2699 889 2756 fuit
907 2699 1013 2757 similis
1032 2697 1141 2759 fames?

126 2805 187 2846 non
217 2788 314 2847 solum
343 2788 423 2846 enim
452 2789 519 2846 sata
544 2787 596 2847 sed
622 2788 715 2846 etiam
744 2789 846 2862 empta
874 2805 928 2846 nos
955 2787 1066 2847 fallunt
1089 2789 1142 2864 qui

127 2879 230 2936 nostra
253 2877 387 2953 pecunia,
410 2877 512 2935 nostra
535 2876 638 2950 classe,
660 2877 762 2935 nostro
786 2876 895 2953 legato,
917 2879 1019 2936 nostro
1042 2879 1141 2952 vento,

83 2985 113 3025 so
126 2966 296 3026 seboissimo
320 2983 407 3024 cursu
425 2969 622 3023 commeatum
639 2965 740 3023 tamen
757 2964 948 3041 perdidimus.
989 2966 1075 3024 nulla
1096 2968 1142 3026 est

127 3073 197 3131 ergo
221 3068 310 3114 causa
333 3074 423 3130 quam
445 3053 542 3131 fingis,
566 3054 651 3111 nulla
673 3055 719 3112 vis
742 3053 814 3128 fuit,
838 3054 889 3113 sed
911 3057 1016 3130 sponte
1038 3055 1140 3114 vendi·

128 3141 198 3201 disti
221 3145 264 3217 et,
292 3143 362 3218 quia
386 3143 482 3203 adhuc
511 3143 664 3219 supererat
686 3143 816 3218 tempus,
847 3143 942 3201 obiter
970 3144 1140 3220 negotiatus

128 3249 165 3289 es.
211 3232 401 3307 frumentum,
424 3233 532 3307 inquis,
558 3231 648 3308 duplo
672 3230 793 3289 vendidi
816 3232 846 3290 et
865 3232 989 3307 duplum
1011 3235 1140 3308 reporto.

127 3321 244 3379 omiser
244 3322 411 3400 ,naufrago
420 3320 555 3381 tabulam
569 3319 729 3394 abstulisti,
743 3322 860 3379 mortuo
876 3321 1009 3397 applicas
1023 3340 1140 3381 navem.

83 3429 112 3471 cs
127 3408 251 3484 duplum
268 3413 327 3470 est·
342 3410 488 3470 infunde
479 3430 512 3468 1n
530 3411 674 3486 sepulcra,
689 3408 742 3467 ubi
761 3411 831 3468 sunt
845 3411 897 3484 qui
914 3409 1139 3470 mandaverunt.

126 3498 300 3557 miseramus
319 3501 350 3558 te
373 3519 468 3558 emere
491 3518 551 3558 non
569 3499 703 3558 vendere.
743 3499 905 3558 vendidisti
923 3501 953 3558 et
971 3518 1023 3559 nos
1042 3501 1140 3576 perdi·

126 3587 206 3646 disti.
252 3588 376 3666 duplum
399 3589 538 3662 attulisti,
561 3588 613 3648 sed
635 3587 696 3646 illis
721 3589 773 3662 qui
795 3589 956 3663 perierunt,
979 3589 1062 3647 nihil
