2430 3952
114 190 134 255 6
447 189 576 244 Psnms
594 189 788 245 Pntusrvs

113 358 273 431 obiecerat;
309 357 411 434 palam
441 358 571 434 positum
604 361 650 418 est
680 358 734 418 sub
767 358 861 417 oculis
892 358 1026 417 omnium
1058 359 1130 417 tota

112 445 199 506 domo
221 448 409 506 notissimum
431 447 550 506 ferrum.
596 448 678 508 scitis
706 451 820 525 quanto
845 447 1051 524 neglegentius
1074 464 1129 506 cu·

112 534 224 595 stodiat
245 536 357 595 ferrum
380 537 458 595 bona
481 537 671 612 conscientia,
695 556 784 611 quam
807 538 899 595 etiam
921 537 1004 594 extra
1026 535 1128 612 suspi-

113 625 228 685 cionem
250 626 290 685 sit
312 643 358 685 res
380 626 443 684 sine
465 643 529 685 usu.
570 627 741 685 innocentia
762 625 844 700 facit,
866 627 901 683 ut
922 625 1033 683 terrum
1055 625 1127 684 sub·

112 715 193 773 trahi
214 715 309 790 possit
332 716 424 774 etiam
446 714 568 773 videnti.
610 715 673 774 sive
695 716 789 792 igitur
811 714 920 790 aliquis
943 732 979 772 ex
996 713 1126 773 servulis
1155 733 1168 774 s

113 806 268 879 corruptus
291 806 349 878 est,
377 803 552 880 praesertim
574 803 664 862 etiam
687 804 770 862 facili
793 805 957 878 occasione,
979 804 1041 862 sive
1064 802 1127 878 ipsi

111 911 254 953 novercae
286 910 345 951 non
372 892 467 950 defurit
499 892 622 951 audacia
650 892 688 951 sd
714 892 882 967 ferendum,
914 890 994 967 quod
1023 891 1125 950 facere

111 984 229 1057 poterat
248 980 338 1040 etiam
356 983 511 1056 praesente
529 983 676 1058 privigno,
697 981 803 1057 utiquo
825 1012 870 1023 —
892 979 972 1057 quod
989 979 1125 1045 dubitari

111 1088 171 1128 non
189 1072 297 1145 potest,
319 1069 399 1145 quod
416 1070 490 1128 facit
509 1074 622 1129 certum
640 1070 757 1130 sceleris
776 1072 927 1129 auctorem
947 1100 986 1110 -
1005 1069 1127 1129 mavult

111 1160 143 1218 in
170 1158 259 1217 caede
286 1158 384 1217 alieno
411 1160 457 1217 uti
484 1177 574 1234 quam
601 1177 654 1218 sno
682 1159 783 1237 gladio
806 1160 941 1235 quisquis
968 1158 1055 1217 illum
1076 1177 1125 1218 re-
1141 1179 1168 1220 so

111 1247 236 1306 licturus
261 1251 312 1306 est.
353 1248 478 1325 reliqua,
501 1248 620 1322 iudices,
644 1248 669 1307 si
692 1248 756 1306 fieri
778 1251 912 1324 possunt
934 1246 1016 1306 facta
1032 1247 1125 1306 aesti-

110 1338 200 1395 mate.
242 1335 351 1395 dicitur
373 1354 476 1396 caecus
499 1338 562 1396 sine
584 1340 707 1412 rectore,
729 1337 792 1395 sine
811 1336 884 1397 duce
903 1355 939 1395 ex
955 1335 1010 1394 illa
1030 1354 1126 1412 pena·

111 1423 187 1483 tium
206 1428 291 1501 parte
310 1428 423 1485 secreta
441 1429 472 1485 et
489 1444 582 1503 paene
599 1445 633 1487 ex
648 1426 708 1484 alia
722 1425 809 1485 domo
823 1445 877 1503 per
888 1424 977 1485 inane
991 1425 1125 1503 longum,

111 1532 164 1591 por
181 1517 228 1574 tot
246 1513 357 1573 offensa
375 1515 488 1590 limina,
505 1535 560 1592 per
578 1516 755 1574 excubantes
773 1515 906 1574 servulos
925 1531 1036 1574 errasse
1054 1531 1126 1573 cum

110 1603 204 1678 ferro,
233 1603 400 1664 cubiculum
422 1603 528 1663 deinde
549 1604 644 1680 patris
667 1606 831 1682 ingressus,
857 1605 890 1662 in
912 1605 1050 1662 nentrum
1072 1601 1124 1662 de·
1140 1622 1166 1664 rs

111 1691 224 1751 flexisse
247 1695 371 1767 partem,
394 1692 446 1751 sed
466 1694 548 1752 recto
571 1692 675 1771 gradu,
697 1694 775 1751 sicut
794 1693 900 1752 ducere
919 1691 997 1752 oculi
1015 1692 1125 1765 solent,

112 1780 151 1839 ad
173 1780 317 1839 lectulum
339 1784 493 1840 accessisse
512 1782 626 1856 leviter,
648 1801 709 1841 non
726 1781 758 1840 in
775 1784 876 1841 torum
890 1779 1039 1856 incidisse,
1062 1798 1126 1840 non

76 1865 183 1929 dante
215 1870 382 1945 pervenisse
414 1888 505 1945 qnam
532 1869 670 1929 crederet.
716 1888 781 1946 vos,
808 1871 935 1946 iudices,
965 1871 1126 1928 criminum

111 1957 276 2017 tumultum
301 1976 337 2017 ex
365 1977 463 2017 rerum
488 1958 545 2017 fide
571 1958 677 2017 ducite.
722 1959 871 2019 dormiens
903 1977 1003 2033 senex,
1033 1976 1126 2035 quem

112 2064 214 2106 caecus
237 2064 391 2122 percussor
413 2050 579 2123 quaereret,
603 2048 747 2107 excitatus
770 2052 839 2108 ante
863 2051 940 2108 esset
962 2065 1054 2124 quam
1076 2047 1124 2106 in-
1140 2068 1167 2110 so

111 2135 271 2194 veniretur.
315 2136 443 2213 iungunt
470 2135 516 2195 his
543 2137 638 2195 multo
665 2135 898 2212 incredibiliora,
925 2140 960 2196 ut
982 2134 1126 2196 occiderit

111 2227 241 2301 patrem,
267 2227 432 2301 pepercerit
453 2243 609 2300 novercae,
636 2225 830 2301 parricidium
853 2229 953 2285 autem
976 2244 1035 2284 ono
1057 2226 1126 2284 ictu

112 2312 300 2390 explicuerit,
330 2313 409 2388 quod
434 2315 495 2374 fere
523 2314 573 2373 vix
596 2316 687 2374 etiam
709 2316 755 2375 his
779 2317 948 2393 contingere
971 2314 1047 2374 solet
1069 2316 1126 2389 qui

113 2404 212 2461 oculos
234 2419 325 2460 manu
348 2406 519 2478 sequnntur.
565 2403 649 2462 nulla
671 2423 741 2480 ergo
764 2405 913 2463 luminum
936 2406 1045 2477 virtus,
1071 2403 1126 2463 sed

111 2491 199 2550 horno
216 2491 329 2549 ferrum
346 2492 490 2551 missurus
508 2493 540 2550 in
559 2511 669 2566 casum,
692 2494 765 2552 satis
783 2494 863 2567 felix,
887 2493 913 2553 si
931 2493 1126 2568 percussisset
1140 2512 1167 2554 sc

112 2598 318 2656 quameunque
346 2581 476 2655 corporis
498 2583 630 2656 partem,
659 2583 691 2639 in
714 2583 810 2657 ipsam
833 2584 968 2658 protinus
992 2582 1126 2640 animam

110 2668 216 2728 incidit
239 2672 282 2743 et,
305 2687 344 2727 an
366 2669 456 2728 morti
478 2670 683 2745 satisfecisset,
706 2671 861 2730 intellexit.
908 2670 1052 2744 officium,
1076 2669 1126 2727 in·

112 2757 203 2834 dices,
230 2758 383 2817 oculorum
411 2761 455 2818 est
481 2761 651 2818 renuntiare
679 2760 815 2819 manibus
844 2759 917 2836 quid
946 2761 1045 2818 actum
1074 2759 1124 2817 sit.

112 2847 190 2906 caeci
209 2846 388 2924 percussoris
406 2866 467 2905 una
485 2848 626 2907 securitas
645 2849 744 2906 fuerat
763 2849 879 2925 saepius
898 2850 994 2907 ferire.
1031 2852 1126 2924 negat

183 3051 198 3098 2
218 2994 296 3103 sloſjitis
315 3059 344 3102 Β
403 3057 416 3103 ⁷
437 3051 645 3107 adferendum:
665 3050 837 3106 afferendum
852 3061 883 3104 Β
893 3054 1021 3123 (ccccm)
1032 3062 1067 3120 .1;
1086 3053 1126 3108 ad

111 3114 294 3174 auferendum
310 3121 359 3176 Gr.
406 3128 439 3204 il
454 3139 517 3176 cum
531 3122 616 3178 ferro:
632 3121 758 3178 conferto
772 3130 800 3173 Ρ
844 3127 876 3175 15
890 3123 1047 3193 ingressum
1056 3133 1129 3178 Bw

113 3246 145 3295 16
165 3232 296 3312 graddn
332 3250 363 3299 17
382 3209 534 3301 iiidissenl
569 3251 600 3300 18
616 3245 893 3315 quamicmcrp.1³;
913 3256 1002 3313 om.8‚
1021 3263 1126 3315 same

113 3317 145 3365 19
166 3330 211 3367 ex:
231 3316 260 3368 et
279 3330 311 3380 ac
330 3317 481 3386 (supr.1’),
501 3325 618 3373 cocum
678 3314 763 3369 fidem
782 3323 813 3366 Β
881 3321 916 3369 20
934 3334 1079 3386 percursor
1097 3329 1128 3372 Β

112 3388 145 3438 21
165 3385 320 3455 iunguntur
339 3396 368 3452 .1,
392 3387 493 3454 Steffeu
578 3395 612 3443 22
635 3383 855 3457 peperceritis,
883 3396 988 3442 corat
1073 3407 1126 3444 no-

112 3472 209 3511 vercae
232 3488 267 3498 -
291 3457 457 3526 explicuerit
485 3459 583 3514 descut
610 3459 641 3513 in
668 3467 695 3511 B
789 3460 821 3507 23
846 3454 903 3510 fere
926 3475 984 3527 exp.
1005 3469 1037 3512 M

113 3570 146 3618 25
165 3546 284 3618 misirrns
303 3573 331 3616 B
384 3564 525 3618 incassum
544 3574 577 3619 Μ
628 3568 661 3618 22
682 3579 716 3616 ex
734 3570 768 3627 Β,
787 3562 851 3613 etc
912 3568 944 3615 29
963 3547 1083 3632 peritis
1099 3578 1129 3622 Β
