2430 3952
147 216 213 281 290
533 215 636 270 AMICI
653 215 773 270 VADES

146 388 232 462 potes
263 383 320 444 hoc
351 382 472 444 videre?
502 387 587 460 potes
619 384 676 444 hoc
699 381 797 443 ferre?
842 388 964 444 sanatum
996 403 1037 445 es.
1084 386 1167 463 quod

148 473 268 549 siquid
294 473 411 534 tristius
433 473 538 533 iudicii
563 474 652 552 huius
675 474 811 533 attulerit
834 466 970 548 eventus,
993 473 1038 533 <lii
1060 475 1167 552 rapide

146 562 336 639 percuntium
371 563 580 622 beneficiorum
616 581 731 640 semper
763 563 891 637 ultores,
927 563 958 621 di
994 581 1071 639 quos
1108 566 1167 625 iste

148 652 274 712 crudelis
302 652 334 709 in
371 651 554 729 amplexibus
585 652 704 727 puellae
735 651 905 727 frequenter
936 670 1085 728 maerore,
1123 654 1167 713 la·

147 742 247 801 crimis
271 744 324 800 aut
349 741 439 800 finem
466 741 575 800 amoris
602 743 722 818 rogavit
749 743 802 799 aut
823 743 964 815 mortem,
984 740 1055 800 dete
1078 742 1167 803 nobis
1192 769 1203 809 5

147 833 258 893 iustam
280 829 458 908 deingrato
481 832 587 888 iuvene
609 829 780 888 vindictam.
820 847 880 889 non
902 831 1094 906 inprecamur
1118 831 1168 892 de·

147 920 295 994 bilitates,
316 919 474 997 naufragia
497 917 600 978 morbi
646 937 760 994 pauper
783 918 822 976 sit
845 920 876 977 et
899 920 979 978 amet
1002 938 1168 995 quamcun-

147 1028 205 1085 que
227 1008 412 1069 meretn‘cem
435 1011 466 1067 et
489 1026 589 1067 amare
611 1026 670 1067 non
694 1008 818 1067 desinat.

608 1253 701 1329 rvr.

488 1413 624 1487 nurci
651 1412 819 1487 vacas,
1181 1463 1204 1504 ω

147 1613 215 1673 Duo
233 1613 330 1688 amici,
354 1631 389 1671 ex
412 1611 519 1687 quibus
542 1613 595 1670 uni
616 1613 714 1670 mater
736 1614 809 1686 erat,
831 1630 954 1690 peregre
976 1614 1109 1689 profecti
1128 1616 1168 1676 ad

191 1706 353 1779 tyrannum
389 1701 525 1777 appliciti
560 1703 638 1760 sunt.
683 1702 779 1760 mater
814 1702 933 1779 cognito
966 1703 1047 1778 quod
1083 1703 1167 1763 filius

190 1790 349 1851 haberetur
371 1807 390 1848 a
411 1791 549 1866 tyranno,
571 1788 669 1848 flendo
693 1789 793 1849 oculos
812 1791 920 1850 amisit.
958 1789 1062 1851 oblata
1081 1796 1131 1852 est
1149 1813 1168 1854 a

190 1879 346 1940 iuvenibus
373 1881 501 1954 tyranno
528 1878 675 1954 condicio,
707 1880 742 1937 ut
769 1879 934 1938 dimitteret
966 1880 1095 1940 alterum
1128 1883 1167 1941 ad

190 1968 345 2028 visendam
362 1970 497 2042 matrem,
520 1968 559 2027 ad
576 1967 655 2026 diem
672 1970 885 2044 praestitutam
903 1987 1091 2028 reversurum
1110 1969 1166 2047 ita,
1180 1996 1203 2037 m

190 2061 234 2132 ut,
252 2058 310 2116 nisi
332 2058 509 2116 occurrisset
527 2056 566 2116 ad
584 2057 672 2131 diem,
695 2057 731 2116 de
752 2077 787 2116 eo
807 2058 859 2133 qui
881 2057 1042 2133 restiterat,
1065 2078 1167 2135 poena

192 2147 363 2206 sumeretur.
400 2147 430 2204 et
452 2146 642 2205 iureiurando
666 2146 826 2205 adstrictus
850 2150 903 2206 est,
940 2147 1022 2206 venit
1044 2150 1167 2210 iuvenis

190 2237 223 2294 in
251 2236 412 2294 civitatem.
458 2237 555 2294 mater
582 2235 695 2296 detinet
722 2255 757 2294 ex
783 2235 848 2313 lege
876 2255 936 2312 qua
963 2239 1104 2311 parentes
1133 2241 1167 2298 in

192 2324 363 2384 calamitate
386 2324 518 2384 deserere
541 2343 601 2383 non
624 2323 740 2383 licebat.

218 2513 392 2582 1potestB
458 2511 574 2579 aquid:
594 2512 694 2580 quiea
757 2510 890 2565 iuditium
909 2521 941 2566 a!
1005 2512 1091 2567 huius
1111 2532 1165 2571 om.

145 2594 205 2639 ΒΜ
256 2583 371 2653 diripite
386 2595 432 2651 aa}
452 2583 575 2652 direpite
589 2595 619 2650 σς
638 2594 739 2638 corae
793 2588 808 2635 3
827 2583 952 2638 uultores
966 2594 1000 2650 B,
1022 2596 1129 2639 corae

146 2657 188 2710 di:
204 2656 239 2711 de
252 2665 305 2708 BV
355 2671 410 2723 quo
429 2664 450 2707 V
501 2655 630 2707 tiuvene
643 2671 677 2708 ec
690 2654 792 2707 iubenc
805 2662 834 2706 B
886 2654 1049 2709 debilitates
1065 2669 1095 2709 u:
1113 2659 1166 2712 -tis

145 2737 229 2794 3133
248 2727 284 2781 -ti
303 2736 323 2778 ν
392 2731 407 2779 7
426 2723 586 2794 nauffragia
604 2723 629 2794 (f
644 2727 691 2796 er.)
706 2734 737 2778 M
806 2724 918 2780 morbos
937 2739 958 2779 o

216 2817 441 2885 subsortitionem
456 2831 506 2870 om.
521 2823 550 2865 B
562 2814 678 2884 (reliqua
691 2815 818 2869 colomeo
831 2816 920 2885 cacat)
935 2824 962 2867 P
1013 2802 1062 2887 Πξ
1075 2816 1166 2873 FABI

147 2921 373 2987 ovmrnmnr
396 2892 597 2974 unnrocmi
625 2919 707 2974 oms
733 2919 842 2974 Porro
870 2918 1043 2975 axrnrcrr.
1072 2921 1165 2980 mci-

146 3010 204 3064 Pir
229 3010 331 3064 nmo
354 3008 487 3075 vanas,
511 3026 583 3064 aava
607 3010 639 3062 a
664 3011 739 3064 rema
763 3011 848 3065 mino
869 3011 948 3079 picta
971 3015 1038 3066 aar
1061 2999 1178 3068 mori.

58 3158 62 3167 ⁴
146 3097 248 3152 mrim
265 3098 393 3153 raons.
413 3108 434 3151 r
490 3081 619 3153 nnnc
638 3096 712 3153 oon
729 3096 851 3165 Poura
869 3087 940 3153 reri
958 3083 1034 3154 nac
1052 3103 1166 3176 (mae)

146 3180 178 3223 Μ
248 3169 415 3235 Quintiliani
434 3169 492 3223 odii
510 3170 587 3238 potio
607 3169 723 3239 explicit
741 3178 761 3221 s

220 3245 252 3294 10
275 3243 373 3296 titulae
396 3242 467 3296 deest
489 3242 521 3295 ia
540 3249 587 3293 Bs
678 3247 709 3295 11
735 3241 906 3296 duo-erat
929 3260 978 3298 cna
994 3264 1026 3308 ας
1053 3246 1165 3301 uterini

147 3313 202 3366 duo
221 3311 322 3366 fratres
340 3328 457 3383 peregre
475 3311 595 3381 profecti
613 3319 659 3368 eet.
675 3322 717 3377 Μ,
736 3315 768 3366 ia
785 3329 871 3384 marq.
890 3314 920 3367 in
940 3313 1003 3368 eliis
1023 3314 1064 3369 sic
1082 3317 1165 3389 incip

145 3384 242 3439 thema
260 3384 316 3437 duo
335 3383 419 3438 amici
437 3389 483 3438 cot.
498 3403 530 3436 m
602 3390 634 3437 13
655 3384 767 3439 tiranrm
785 3394 845 3451 Βῆ
868 3391 895 3440 et
912 3387 982 3441 tutia
999 3389 1112 3456 saepius
1131 3391 1166 3444 im

145 3455 222 3511 codd.
242 3455 315 3523 quod
332 3456 466 3510 adnotare
483 3455 640 3524 supersedeo
695 3455 790 3510 amisit
808 3456 903 3511 oculos
922 3467 943 3510 V
999 3463 1032 3512 14
1050 3459 1164 3515 iuveni·

145 3526 198 3581 bus
217 3543 234 3581 a
253 3536 284 3579 ,ΙΙ
372 3532 405 3581 15
429 3527 466 3581 ad
485 3526 571 3581 diem:
596 3527 632 3581 ad
651 3518 687 3600 pb
705 3526 781 3580 diem
798 3536 837 3594 ⁸3
861 3530 891 3582 et
909 3528 945 3582 ob
964 3528 1040 3583 diem
1058 3540 1092 3584 Μ

144 3615 304 3653 reversurus
321 3607 374 3651 ω’
452 3603 483 3652 19
504 3599 600 3652 desere
618 3609 639 3650 v
715 3604 776 3667 post
792 3597 898 3654 licebat
916 3601 1011 3664 odda
1035 3600 1166 3671 Explicit

726 3706 813 3720 ι-ι-
