2430 3952
119 213 184 278 212
332 213 439 269 nnus
457 212 665 268 Accvsssvs
683 213 916 270 PRODITIONIS

119 385 230 458 inquit,
254 377 324 441 ‘fuit
346 386 376 442 te
402 379 588 458 prodidisse'.
620 384 695 442 bene
718 383 865 443 admones.
902 385 981 443 hunc
1002 387 1140 460 primum

42 522 45 527 .
120 471 284 531 calumniae
302 476 371 531 tuae
390 472 469 531 obici
486 491 642 531 rumorem.
680 474 745 547 quis
765 475 853 550 enim,
876 473 997 548 iudices,
1022 475 1141 534 nesciat

119 561 195 619 hanc
226 562 322 620 famae
355 579 417 621 esse
444 564 595 636 naturam,
627 564 662 620 ut
691 564 731 620 sit
758 563 856 637 primo
885 564 973 622 unius
1004 563 1139 622 hominis

120 647 263 710 audacia?
309 650 345 709 de
368 651 452 710 nulla
479 671 511 710 re
538 651 654 710 locutus
679 653 724 709 est
746 653 885 710 continuo
908 651 1055 728 populus,
1083 671 1139 712 nec

121 739 279 814 quicquam
306 739 379 799 adeo
407 739 506 799 subito
534 740 694 815 statimque
721 742 821 798 totum
848 744 905 815 est,
932 744 967 798 ut
989 741 1023 798 in
1048 741 1171 801 illumi

118 829 231 903 pariter
259 829 391 887 omnium
418 847 513 888 sermo
537 829 710 888 consentiat.
757 849 846 904 quam
869 848 928 887 non
952 832 1051 905 possit
1073 849 1139 890 mo·

118 937 187 976 vere
206 917 367 993 civitatem,
383 936 471 992 quern
490 937 547 976 non
566 918 680 993 replere
697 919 851 994 populum,
871 918 897 977 si
911 918 982 994 quid
996 919 1139 979 omnibus

119 1005 204 1065 nobis
226 1025 337 1082 narres,
361 1009 393 1064 in
416 1008 498 1066 nullo
517 1027 578 1065 non
601 1009 686 1066 coetu
708 1007 853 1082 loquaris,
877 1010 906 1066 et
929 1008 964 1066 de
987 1027 1019 1066 re
1044 1027 1139 1084 quarn

15 1121 17 1125 ⁷
120 1113 187 1153 cum
204 1094 331 1153 maxime
354 1095 456 1173 fingas,
480 1098 541 1154 iarn
560 1096 640 1156 dicas
659 1114 722 1155 esse
739 1094 909 1156 rumorem?
946 1099 1060 1172 quanta
1079 1098 1139 1157 tibi

120 1183 224 1242 deinde
247 1184 409 1243 mentiendi
431 1187 556 1244 materia
580 1185 615 1244 de
637 1185 836 1261 periculorum
859 1189 1027 1245 nostrorum
1052 1205 1138 1246 occa-
1151 1205 1172 1246 u

120 1275 201 1331 sione
228 1271 393 1332 succurrit?
438 1275 513 1332 nihil
542 1278 586 1334 est
613 1278 677 1334 tam
705 1293 798 1350 capax
824 1275 1050 1352 malignitatum
1076 1295 1138 1335 ser-

120 1380 298 1437 monumque
326 1383 416 1438 quam
442 1362 562 1422 bellum.
609 1363 681 1439 quid
708 1363 843 1438 interest,
870 1365 948 1422 unde
974 1366 1139 1441 sumpserit

119 1470 221 1510 rumor
247 1449 366 1510 ortum?
412 1452 491 1528 quod
521 1453 624 1530 negari
651 1472 711 1511 non
738 1454 857 1528 potest‚·
878 1456 912 1510 tu
943 1453 1138 1529 contionaria,

120 1558 248 1616 accusas,
270 1544 305 1599 tu
328 1543 439 1600 crimen
462 1541 497 1601 de
520 1542 623 1600 fabula
645 1542 728 1600 facis.
764 1542 796 1598 in
819 1561 935 1600 rumore
959 1544 1043 1601 cuius
1068 1563 1138 1620 pro-

119 1629 261 1705 bationes,
285 1631 368 1690 cuius
387 1634 562 1708 argumenta
579 1651 639 1691 non
660 1630 761 1704 habes,
784 1631 949 1690 calumniae
972 1650 1067 1709 genus
1092 1635 1139 1692 est
1151 1649 1173 1690 rs

121 1720 250 1795 primum
273 1718 397 1779 eredere.

86 1808 100 1862 7
188 1802 279 1882 ‘Sed',
306 1809 418 1884 inquit,
443 1804 530 1867 ‘mori
553 1807 657 1882 debeo,
685 1810 756 1883 quia
779 1808 826 1866 lex
849 1827 908 1883 qua
932 1811 963 1867 te
987 1812 1137 1884 accusavi,

119 1897 174 1955 hoc
196 1896 377 1973 proditorem
400 1900 466 1974 pati
487 1891 590 1956 iubet.'
635 1900 771 1973 poteram
794 1897 913 1972 quidem
935 1896 1068 1956 breviter
1089 1917 1136 1956 re-

120 1985 263 2060 spondere
285 1987 381 2063 legem
400 2006 476 2062 quae
499 1986 744 2046 calumniatorem
767 1985 845 2045 idem
868 1986 933 2062 pati
955 1986 1048 2061 iubet,
1073 1989 1137 2047 eius

120 2093 245 2150 poenam
269 2076 396 2152 exigere,
420 2076 500 2150 quod
522 2076 653 2150 fecisset,
676 2094 735 2133 non
759 2075 838 2150 quod
860 2076 957 2134 facere
979 2077 1136 2136 voluisset.
1150 2094 1172 2134 rc

120 2163 266 2241 fingamus
289 2168 390 2223 tamen
413 2185 472 2224 non
494 2165 550 2223 hoc
572 2183 733 2241 pauperem
757 2166 891 2240 captasse
916 2163 993 2239 quod
1018 2166 1138 2242 accidit,

121 2253 168 2310 cui
192 2252 278 2311 debet
299 2255 434 2330 inputari
453 2255 548 2313 exitus
572 2255 624 2328 qui
647 2253 682 2311 de
701 2253 866 2312 calumniae
889 2256 958 2312 tuae
979 2253 1069 2313 fluxit
1092 2273 1138 2313 er-

120 2340 206 2419 rore?
252 2343 343 2401 vultis
371 2344 457 2417 scire,
487 2343 612 2416 iudices,
640 2343 722 2400 aliud
745 2343 913 2417 quaesitum
940 2361 1031 2418 quam
1057 2343 1138 2418 quod

123 2431 170 2489 lex
194 2451 270 2506 quae
292 2434 368 2490 mori
389 2430 513 2491 iubeat?

187 2520 348 2580 Accusavit
370 2541 416 2580 me
441 2540 473 2580 eo
497 2524 629 2597 tempore
653 2539 710 2595 quo
733 2539 792 2579 nou
814 2521 949 2595 poteram
975 2518 1137 2580 damnatus
1150 2537 1171 2579 ss

122 2609 222 2668 occidi.
269 2609 316 2667 dic
343 2629 434 2668 nunc:
464 2606 534 2668 ‘non
557 2628 611 2687 ego
639 2610 734 2684 effeci,
761 2612 796 2667 ut
824 2607 1025 2667 occiderentur
1047 2609 1138 2669 liberi

9 2729 13 2738 ·
121 2694 188 2773 tui’,
212 2702 242 2758 et
261 2699 336 2757 aude
355 2700 485 2759 civitatis
506 2688 582 2757 illud
600 2717 705 2758 vocare
724 2698 847 2772 facinus,
865 2716 924 2755 non
942 2699 1045 2755 tamen
1065 2699 1138 2758 ullis

123 2786 229 2846 efficies
258 2787 383 2861 artibus,
411 2792 446 2846 ut
468 2807 527 2846 non
549 2788 649 2865 potius
672 2788 812 2845 miserear
838 2785 1018 2861 reipublicae
1041 2807 1138 2863 meae,

122 2895 181 2934 non
203 2877 300 2935 minus
330 2879 359 2935 et
381 2877 434 2935 illa
457 2877 572 2937 facinus
600 2880 644 2935 ost
666 2893 754 2951 passa
778 2893 867 2948 quam
892 2877 984 2949 pater.
1031 2879 1138 2936 coacta

123 2967 168 3023 est
190 2965 296 3024 liberos
320 2966 508 3042 imperatoris
526 2966 670 3026 vincentis
690 2961 828 3021 occidere.
865 2963 989 3038 fallitur,
1013 2963 1171 3041 iudices,sl

195 3175 209 3222 1
230 3187 371 3225 ammones
385 3181 413 3224 P
465 3178 480 3224 Β
500 3170 575 3225 obici
591 3179 629 3235 Β;
648 3165 740 3220 obicio
759 3165 858 3232 reliqui
912 3172 927 3218 5
947 3170 1045 3221 notum
1067 3183 1084 3222 s

123 3239 153 3292 in
172 3257 221 3294 ora.
241 3251 262 3293 V
338 3242 387 3295 illo
407 3255 459 3307 syc
537 3238 652 3295 8n0bis
671 3254 720 3291 orn.
736 3244 768 3288 Μ
845 3252 941 3290 narras
960 3248 1020 3291 ΒΜ
1096 3242 1139 3296 lo-

123 3312 217 3378 queris
236 3330 270 3366 ex
286 3313 409 3381 loquaris
428 3323 456 3366 Β
527 3318 559 3366 12
579 3309 659 3380 quid:
678 3306 717 3375 qd
735 3315 763 3358 Β
833 3311 865 3358 l‘l
886 3310 970 3375 quate
989 3312 1018 3363 te
1037 3321 1067 3364 Β

125 3423 157 3470 19
176 3382 242 3488 idge
259 3429 287 3472 Β
358 3425 390 3473 23
415 3420 506 3474 aliud:
526 3415 635 3485 aliquid
652 3423 694 3494 J·
744 3417 778 3464 24
800 3428 872 3478 quae
890 3415 960 3467 mori
980 3417 1139 3497 calumnia-

4 3534 6 3539 ,
123 3491 212 3543 torem
230 3489 309 3545 iubet
327 3491 425 3545 iubeat
443 3500 475 3544 Μ
526 3488 633 3542 iubeat:
652 3487 780 3537 scarae.
795 3490 823 3533 Β
882 3485 1140 3562 26feo1s13p10.

123 3595 219 3650 fecie
288 3597 440 3652 nutus
509 3600 542 3650 rr
565 3576 666 3649 tuen
735 3587 907 3643 rsefcaf

732 3684 832 3720 A.
