2430 3952
445 202 679 259 nucmnnmo
698 205 711 257 I
730 209 806 263 3-6.
875 251 878 257 .
1113 207 1130 268 7

121 375 276 449 praeterea
294 373 456 448 quicquam
478 380 569 431 seex
591 374 637 432 his
660 391 788 433 noverca
808 373 940 448 sensisse,
964 392 1031 432 cum
1048 375 1133 433 iuxta

121 462 240 535 iaceret,
258 479 312 521 nec
326 461 464 537 explicat,
482 461 559 520 unde
578 461 654 520 illud
672 462 825 522 acciderit:
847 463 993 522 maximae
1015 463 1132 540 signum

121 549 338 626 trepidationis
384 550 410 610 si
437 553 467 610 et
493 553 581 627 pater
606 570 667 610 uno
694 551 758 610 ictu
785 550 920 629 perierit,
949 571 1044 627 neque
1073 553 1132 611 ista

121 639 283 717 vigilabat,
314 648 467 716 nunquam
499 640 632 717 gladium
663 640 786 716 reliquit
817 659 972 717 percussor
1002 659 1132 700 securus.

87 750 106 790 s
188 729 312 803 reliqua,
335 729 463 803 iudices„
477 730 603 787 nimium
625 733 771 804 suspecta,
796 730 918 805 inprobe
942 730 1167 789 adsimulatat

121 818 355 893 spatiosissimas
381 818 480 894 paries
508 820 538 876 et
564 819 771 895 longissimum
789 819 898 878 'domus
920 819 1000 878 latus
1028 818 1133 878 habuit

121 908 208 965 notas
227 905 379 983 sanguinis
393 925 468 982 quas
486 907 641 983 reliquisse
655 907 807 966 videretur
824 926 930 966 manus
948 909 1131 967 revertentis.

122 1015 139 1054 o
164 995 359 1072 quambene,
384 995 525 1071 quicquid
542 997 657 1070 volunt,
679 996 836 1055 imitantur
854 997 946 1057 oculi!
970 999 1084 1072 stupeo,
1107 997 1133 1056 si

122 1103 181 1161 qua
205 1087 250 1143 est
272 1083 352 1159 fides,
377 1084 475 1144 omnia
498 1085 670 1162 privignum
691 1085 746 1143 illa
765 1088 851 1145 nocte
873 1087 986 1145 fecisse.
1023 1085 1133 1144 dicitur

82 1196 108 1236 ro
123 1173 162 1232 cd
188 1175 292 1233 votum
319 1183 461 1233 novercae
491 1174 684 1250 gladiumin
711 1174 831 1233 vulnere
859 1175 1015 1251 reliquisse
1044 1194 1133 1251 quem

86 1270 89 1276 '
122 1280 209 1321 suum
230 1281 340 1339 negare
362 1281 422 1322 non
439 1264 547 1338 posset.
584 1262 689 1323 deinde
707 1282 761 1338 per
778 1265 876 1323 totum
897 1265 1042 1339 parietem
1062 1264 1133 1339 quid

122 1351 205 1410 aliud
232 1351 430 1426 inscripsisse,
457 1370 549 1427 quam
576 1370 607 1410 se
636 1350 835 1428 parricidam?
865 1355 1009 1429 sanguine
1038 1353 1132 1429 patris

122 1459 216 1515 usque
238 1440 277 1499 ad
302 1441 472 1500 cubiculum
495 1459 581 1498 suum
602 1441 773 1517 perduxisse
796 1443 825 1500 et
844 1441 923 1500 viam
942 1443 1133 1516 sequentibus

123 1527 299 1604 reliquisse?
322 1529 394 1588 haec
412 1529 484 1588 fecit
498 1529 606 1605 aliquis
624 1528 806 1606 negaturus?
829 1531 964 1607 gratulor
980 1530 1047 1604 tibi,
1061 1530 1132 1589 adu-

81 1639 108 1681 ra
122 1619 246 1693 lescens,
274 1620 381 1677 sinon
403 1618 531 1694 potuisti
557 1618 751 1694 parricidium
776 1618 854 1677 illud
877 1618 1047 1693 admittere,
1074 1619 1134 1678 nisi
1209 1647 1211 1650 v

122 1710 157 1765 ut
178 1707 359 1782 relinqueres
383 1710 591 1784 argumentum
609 1709 771 1782 caecitatis,
793 1706 926 1767 habuisti
946 1708 1133 1767 innocentiae

120 1797 335 1856 necessitatem.
444 1848 446 1853 ,

189 1884 319 1944 Causam
353 1886 447 1962 igitm
481 1885 616 1944 miserini
651 1883 847 1944 adulescentis
886 1887 929 1944 sio
965 1885 1044 1961 apud
1080 1903 1132 1945 vos

122 1993 210 2051 agere
237 1974 391 2050 proposui,
419 1975 454 2033 ut
475 1977 606 2051 primum
633 1975 732 2050 ipsum
759 1974 928 2048 defendam,
955 1977 1041 2050 quasi
1065 1993 1131 2034 reus

81 2084 108 2126 ro
121 2066 241 2122 tantum
264 2064 317 2138 sit,
344 2063 450 2124 deinde
473 2081 540 2121 cum
563 2081 624 2122 esse
652 2081 771 2123 securus
795 2062 831 2122 de
853 2064 941 2122 huius
963 2064 1132 2123 innocentia

122 2171 254 2228 coepero,
276 2156 349 2211 tunc
365 2151 517 2230 ingrediar
534 2170 678 2212 novercae
696 2152 921 2211 accusationem.
959 2153 1132 2229 spectabitis

121 2244 280 2316 utrumque
294 2241 357 2300 suis
375 2241 515 2315 moribus,
529 2242 591 2300 suis
606 2241 715 2300 causis:
738 2240 796 2300 erit
813 2241 931 2300 facilior
948 2243 998 2300 via
1016 2244 1132 2301 vestrae

120 2330 282 2408 religionis.
328 2348 511 2406 quamquam
542 2330 616 2389 duos
648 2329 758 2388 indicia
790 2331 943 2405 complexa
974 2331 1047 2404 sint,
1079 2349 1132 2389 vos

121 2422 221 2478 tamen
243 2421 398 2494 tamquam
421 2419 456 2477 de
479 2420 605 2497 singulis
628 2420 835 2496 cognoveritis.

81 2528 107 2569 rs
188 2509 230 2567 Et
250 2510 381 2584 primum
403 2509 446 2567 sic
464 2527 561 2585 agam,
583 2511 738 2583 tamquam
756 2507 871 2567 iuvenis
893 2507 1003 2566 habeat
1022 2508 1168 2583 oculoqe

121 2600 276 2672 tamquam
294 2597 423 2672 impetus
442 2599 504 2656 eius
522 2597 606 2655 nulla
625 2599 755 2674 corporis
775 2597 929 2657 debilitate
947 2596 1131 2673 frangantur.

125 2812 128 2816 ’
193 2801 353 2856 2maxime
371 2811 424 2855 Βν
483 2801 588 2856 ercan:
608 2800 687 2856 hictu
704 2811 733 2855 Β
789 2817 880 2870 neque
898 2818 949 2856 om.
964 2811 991 2854 P
1052 2806 1133 2855 osu-

122 2910 231 2978 specta:
255 2911 385 2978 suscepta
407 2917 467 2964 ΒΜ
545 2873 670 2963 cltbuit
686 2916 715 2960 Β
793 2913 826 2962 10
850 2906 1132 2976 quem-reliquisse

121 3017 138 3070 1.
157 3022 189 3069 14
206 3032 256 3070 om.
272 3024 299 3080 S,
319 3017 351 3070 in
369 3033 454 3086 marg.
469 3015 534 3069 add.
548 3037 565 3068 e
611 3021 643 3068 11
662 3015 753 3068 totam
770 3025 797 3068 Ρ
846 3021 878 3068 12
897 2997 1057 3083 inscripsisse
1071 3024 1099 3068 B

121 3093 182 3154 post
199 3086 369 3155 parricidam
388 3088 562 3155 interpunxit
579 3088 617 3141 H.
668 3085 834 3156 sanguinem
852 3095 889 3149 sy
957 3092 990 3140 14
1008 3085 1078 3139 haec
1097 3107 1131 3139 a:

121 3158 175 3212 hoc
193 3170 227 3211 ec
298 3158 368 3212 facit
385 3171 401 3222 β
419 3160 496 3228 (corr.
511 3160 537 3226 e)
599 3155 755 3211 aduliscens
772 3165 801 3209 Β
873 3163 905 3211 15
924 3156 1015 3227 illud}
1033 3167 1064 3210 M

124 3270 156 3318 16
175 3248 326 3333 relidueres
346 3274 373 3316 Β
435 3270 467 3319 17
486 3264 695 3318 necessitatem:
719 3262 884 3318 caecitatem
902 3273 927 3317 1
984 3267 1017 3315 18
1035 3263 1132 3317 miser-

122 3336 176 3401 im,
202 3338 235 3404 cf.
252 3354 281 3405 p.
297 3341 323 3402 4,
333 3341 380 3390 17:
405 3335 576 3390 miseremini
598 3344 666 3401 ΒΜ,
689 3334 734 3395 vel
754 3334 903 3389 miserrimi
926 3351 1000 3403 supr.
1016 3355 1059 3402 m;
1080 3335 1133 3389 mi·

123 3407 232 3462 'serrimi
248 3409 349 3477 reliqui
402 3406 582 3462 adoliscentis
600 3415 638 3473 Β;
657 3405 765 3459 iuvenis
780 3415 813 3460 ll!
864 3411 897 3461 20
917 3423 992 3459 cum:
1012 3408 1055 3459 est
1072 3415 1100 3458 Ρ

122 3477 195 3566 liiius
209 3523 236 3567 Β
271 3520 304 3569 22
324 3513 389 3568 erit:
405 3514 585 3582 eritquenay
621 3517 655 3566 23
672 3511 779 3579 vtosB
812 3512 930 3567 indicia:
946 3511 1052 3565 iudicia
1066 3525 1098 3576 ey

124 3584 240 3653 coplexa
257 3595 279 3638 V
338 3591 371 3639 24
389 3587 535 3654 tamquam
546 3615 579 3625 -
590 3600 673 3653 agam
692 3584 708 3638 l.
724 3589 758 3638 25
779 3601 829 3640 om.
845 3593 873 3650 S,
892 3585 924 3638 ia
937 3600 1022 3652 marg.
1038 3584 1103 3638 add.
1117 3604 1133 3635 e
