2430 3952
120 208 186 272 346
415 206 565 260 INFAMIS
584 207 624 260 ΙΝ
642 206 800 261 MATREM
818 207 844 260 H

120 377 194 435 mihi
229 376 338 435 dixerit
367 376 433 451 ille,
464 376 499 434 de
528 395 587 451 quo
619 378 715 434 nescit
749 395 787 434 an
818 375 933 434 dixerit.
981 375 1052 450 quid
1085 378 1142 451 ais,

120 469 217 524 mater
234 463 405 541 inpatiens?
450 465 495 523 ita
517 465 550 522 in
572 466 667 523 morte
690 463 747 522 filii
768 465 815 523 tui
840 465 916 523 nihil
939 464 1023 523 aliud
1046 465 1086 522 ad
1109 468 1143 523 11

119 555 252 631 pertinet
274 573 364 631 quam
388 553 460 629 quid
482 554 601 612 locutus
625 551 686 612 sit?
731 545 789 628 ita‘,
820 556 846 612 si
868 554 1061 629 respondero,
1094 574 1142 612 re·

119 643 216 702 mittis
239 643 444 719 parricidium,
472 645 621 702 tormenta
644 662 704 701 non
733 641 845 702 obicis?
891 661 908 702 ο
935 643 1144 702 inconsultam

119 733 295 791 muliebrem
325 750 440 808 semper
470 732 643 791 amentiam!
674 732 746 807 qnid
775 732 893 791 iuvenis
921 732 954 790 in
979 731 1141 791 tormentis
1173 753 1186 794 1

120 823 236 897 dixerit,
259 825 414 898 tamquam
437 823 565 898 ignoret,
586 822 767 898 interrogat:
790 821 866 878 nihil
887 841 935 878 me
959 823 1141 896 comperisse

118 931 178 970 non
201 911 304 986 eredit,
327 913 483 985 tamquam
506 912 581 968 sciat
604 908 676 985 quid
700 910 815 968 dixerit.

65 999 102 1056 11
185 1001 290 1059 Fidem
312 1000 475 1058 communis
503 1000 671 1076 sanguinis,
700 998 790 1057 fidem
818 1000 1019 1057 communium
1042 1000 1141 1058 malo-

117 1090 198 1148 rum!
225 1109 263 1147 ne
285 1088 440 1164 parricidii
462 1107 509 1146 me
532 1088 607 1148 velis
630 1089 747 1166 agitare
770 1090 930 1161 secretum,
953 1106 990 1145 ne
1014 1087 1141 1146 calami-

118 1179 231 1237 tatibus
255 1178 364 1237 nostris
388 1196 510 1255 gravem
537 1178 633 1236 facias
661 1176 861 1235 innocentiam
889 1179 983 1234 tuam.
1024 1175 1140 1236 viderit
1157 1201 1184 1240 11

119 1267 191 1343 quid
214 1268 356 1326 meruerit
373 1267 488 1326 iuvenis
506 1267 572 1324 ille:
596 1285 650 1343 ego
669 1268 731 1324 iam
749 1284 871 1341 possum
889 1283 1029 1341 suprema
1051 1285 1139 1326 reve-

117 1359 177 1415 ren'
200 1358 321 1432 etpost
344 1356 458 1415 exitum
485 1355 566 1414 unici
587 1357 721 1414 revertor
742 1354 774 1412 in
796 1358 920 1430 patrem.
966 1356 1064 1413 maior
1088 1354 1140 1413 de-

118 1447 228 1504 functis
261 1445 361 1504 liberis
391 1445 574 1522 praestanda
602 1445 770 1503 reverentia
800 1445 858 1519 est,
889 1462 944 1502 nec
974 1443 1142 1518 quicquam

117 1536 216 1593 minus
240 1537 378 1594 convenit
408 1534 572 1593 adfectibus
600 1533 719 1606 matris,
750 1552 840 1607 quam
868 1534 894 1591 si
920 1533 1068 1591 insultare
1092 1536 1139 1592 ri·

116 1624 224 1683 deatur
247 1625 350 1683 occiso.
396 1623 428 1681 in
459 1625 588 1701 gratiam
614 1641 662 1681 me
691 1640 757 1680 cum
779 1621 842 1681 filio
870 1620 987 1680 reduxit
1010 1621 1139 1698 orbitas,
1155 1646 1181 1685 11

115 1715 193 1771 iram
215 1715 348 1772 nostram
370 1731 450 1772 mors
473 1731 577 1771 severa
597 1712 763 1787 conposuit.
810 1713 882 1786 quin
905 1711 995 1768 immo
1018 1712 1138 1788 recogi·

115 1805 196 1861 tanti
217 1803 292 1860 mihi
314 1804 411 1860 totum
429 1801 535 1861 secreti
557 1802 638 1860 illius
662 1801 805 1874 ordinem,
829 1800 910 1859 subit
927 1800 1022 1859 tacita
1044 1800 1137 1859 mise·

115 1892 208 1965 ratio,
234 1893 377 1966 quantam
401 1910 455 1968 ego
478 1890 602 1948 debeam
624 1891 821 1949 reverentiam
848 1889 909 1947 filio
934 1908 1023 1964 quem
1045 1892 1137 1964 potui

115 1983 257 2054 torquere
280 1979 369 2053 solus,
393 1999 480 2054 quem
502 1981 590 2055 potui
613 1980 693 2038 solus
717 1979 858 2038 occidere.

184 2068 365 2143 Perseveras,
385 2068 475 2144 cogis,
489 2066 604 2127 instas?
640 2069 769 2127 invicem
782 2071 821 2143 11,
839 2067 955 2140 mulier,
968 2068 1136 2144 interrogo,
1152 2091 1180 2130 11

115 2175 169 2215 cur
192 2158 217 2216 si
239 2159 324 2215 tanto
348 2176 435 2231 opere
459 2156 579 2215 volebas
610 2157 683 2215 scire
707 2157 779 2233 quid
802 2159 1029 2232 interrogarem,
1060 2157 1138 2232 quid

115 2246 168 2303 ille
191 2246 371 2320 loqueretur,
394 2264 454 2303 non
472 2247 618 2321 inruperis
642 2247 674 2303 in
698 2247 904 2322 quaestionem
928 2263 1017 2319 quam
1039 2246 1137 2306 nullis

116 2334 274 2409 ministris,
311 2335 401 2393 nullis
439 2335 608 2394 custodibus
645 2336 813 2395 vallaverat
851 2332 958 2409 pater?
1017 2338 1136 2408 quanto

114 2425 235 2499 melius,
267 2427 375 2499 mater,
406 2426 505 2500 ipsum
538 2423 668 2483 adisses?
722 2426 834 2500 quanto
866 2425 973 2482 fortius
1004 2422 1136 2482 interro-

114 2533 214 2590 gasses
237 2511 317 2572 una?
346 2517 457 2589 quanto
480 2513 537 2571 tibi
559 2514 647 2589 plura
671 2511 813 2573 dixisset?
855 2515 920 2588 quis
943 2514 987 2584 te,
1013 2512 1177 2588 mulianas

7 2592 15 2603 “
114 2603 247 2663 adfectus
280 2603 394 2680 abegit,
423 2605 535 2677 tenuit,
568 2601 714 2661 exclusit?
761 2621 889 2679 agnosco
921 2601 1136 2660 verecundiam

113 2694 211 2751 tuam:
231 2692 368 2766 timuisti,
387 2692 483 2766 credo,
501 2711 547 2766 ne,
564 2692 635 2750 siin
649 2693 702 2750 illo
717 2694 830 2751 secreto
845 2691 1001 2749 fuissemus
1018 2709 1136 2766 omnes,

11 2852 13 2857 Ι
113 2782 256 2840 occidisse
279 2781 374 2839 filium
397 2781 544 2840 diceretur
566 2783 596 2839 et
619 2784 723 2839 mater.

9 2860 11 2865 ’
181 2870 279 2929 Instas
306 2874 408 2929 tamen
439 2873 469 2929 11
497 2869 597 2928 miseri
625 2871 703 2928 senis
734 2889 786 2929 ora
814 2869 937 2927 diducis.
981 2870 1059 2943 puta
1082 2889 1135 2928 me

166 3201 550 3271 ,111111111111111
650 3183 869 3271 sparsorum
888 3209 915 3252 a
997 3213 1054 3250 non
1074 3199 1135 3254 obi.

112 3274 229 3338 torma
315 3273 504 3342 tintcrroget
526 3282 547 3325 V
630 3274 810 3341 12111113
898 3269 1139 3338 1311111111Ρ

114 3385 147 3433 14
166 3380 291 3449 patries
370 3385 402 3433 15
423 3362 484 3434 edm
502 3388 531 3432 B
601 3385 634 3433 18
653 3380 788 3449 quoniam
806 3379 929 3448 potuiP
998 3380 1032 3429 20
1052 3377 1083 3430 in
1105 3379 1137 3434 te

111 3468 180 3522 rogo
204 3461 225 3504 V
306 3457 339 3506 21
358 3453 506 3520 tantopere
528 3459 612 3514 de
700 3457 733 3505 22
753 3451 877 3519 emperia
896 3459 923 3503 P
1006 3465 1094 3516 quem
1119 3462 1142 3504 V

112 3528 146 3575 23
166 3525 301 3592 quantam
324 3533 345 3576 V
402 3528 435 3576 26
454 3522 649 3576 verecondiam
668 3533 695 3577 P
754 3528 787 3575 27
807 3522 862 3575 nisi
881 3530 908 3573 B
966 3523 1000 3573 29
1019 3521 1135 3576 tamem

101 3596 234 3665 11111111,
253 3613 323 3652 corr.
342 3615 375 3649 m
448 3594 618 3662 deductae,
638 3611 706 3650 corr.
727 3607 743 3646 1

857 3636 1000 3724 Α
