2430 3952
139 177 183 242 84
502 173 789 229 nnrnnnnrrovs

138 345 233 405 hostis
260 345 394 421 contigit.
440 362 498 419 psx
526 345 571 403 ost
598 363 674 419 quae
701 361 755 402 nos
787 341 992 419 deprehendit:
1024 345 1055 401 et
1084 361 1155 402 oum

137 435 217 494 iustu
240 432 396 511 grassandi
417 432 544 492 materia
567 435 741 508 consumpte
765 435 818 506 est,
840 431 872 490 in
894 432 1009 490 facinus
1032 450 1154 492 neeesse

139 525 183 583 est
211 525 325 582 otiosus
353 521 441 581 ardor
469 524 612 596 erumpat.
659 539 725 580 eooe
751 522 813 579 inm
834 521 880 580 rei
905 520 1042 596 publicae
1065 541 1154 596 prue-

138 612 203 670 bitu
225 613 270 671 est
289 613 381 686 quies,
404 611 478 669 mihi
500 613 601 669 tomen
623 611 785 686 plurimum
804 612 849 670 est
867 628 935 668 oum
955 609 1056 686 gladio
1075 629 1152 668 meo.

136 703 208 760 totis
236 700 339 759 diebus
367 701 464 759 tronto
491 701 615 774 ferrum,
649 699 688 758 ud
716 717 800 758 arma
826 700 965 774 respicio,
995 698 1056 757 tela
1084 718 1154 757 mea
1182 719 1193 758 s

136 790 240 864 laudo,
269 789 409 863 admiror,
439 788 591 864 adloquor.
638 787 737 862 orode,
767 790 862 864 puter,
894 790 925 846 et
955 787 1154 863 penioidium

136 881 200 939 tem
231 879 320 937 fenile
347 880 392 937 est
420 895 510 952 quom
536 877 656 936 fortiter
684 877 795 952 faeere,
827 895 895 936 oum
924 877 1084 951 utrumque
1115 877 1154 935 de

136 969 201 1027 fato
225 970 276 1026 est.

87 1054 124 1111 18
206 1055 263 1115 Sed
292 1072 445 1131 quousque
471 1055 587 1114 ratione
614 1054 754 1131 colligum
782 1054 861 1128 quod
884 1054 965 1112 exitu
991 1053 1053 1111 ism
1082 1073 1153 1128 pro-

137 1146 241 1205 batum
272 1146 331 1212 est,
361 1143 440 1218 quod
471 1144 563 1202 nullis
594 1143 822 1202 mathematicus
855 1142 931 1201 dixit
964 1142 1152 1220 ambagibus
1169 1165 1193 1204 io

138 1233 229 1292 nullis
257 1231 439 1292 dissimulari
467 1233 580 1292 artibus
608 1231 729 1308 potest?
773 1234 890 1308 partem
913 1231 1046 1306 responsi
1069 1232 1154 1289 futu-

137 1341 203 1381 ram
225 1323 257 1380 in
282 1323 341 1381 alio
365 1340 453 1397 opere
475 1323 537 1380 iem
559 1321 671 1396 vidisti,
695 1324 724 1380 et
748 1321 827 1396 quod
848 1321 1007 1396 praecipue
1029 1322 1154 1395 torquet

138 1412 280 1485 animum,
302 1410 374 1470 fides
397 1411 513 1470 soeleris
537 1412 631 1470 virtus
655 1411 720 1469 fuit.
759 1410 906 1485 explicata
924 1411 970 1467 est
988 1410 1153 1469 auotoritas

138 1501 281 1576 responsi,
304 1518 372 1558 oum
394 1500 430 1559 de
449 1499 562 1559 dnobus
585 1500 745 1575 praedietis
764 1519 857 1557 unum
875 1498 988 1556 faotum
1007 1500 1059 1556 est.
1096 1517 1153 1557 neo

138 1591 233 1666 possis
257 1589 292 1648 de
315 1591 442 1649 veritate
465 1589 617 1664 dubitare,
645 1589 781 1664 quotiens
805 1607 872 1647 oum
894 1588 1014 1646 incertis
1038 1588 1153 1661 experi-
1168 1608 1193 1648 rs

139 1682 240 1737 menta
263 1679 460 1737 consentiunt.
496 1678 532 1736 In
554 1696 695 1753 responso
713 1679 762 1736 oui
780 1679 887 1736 cuneta
905 1677 1062 1750 cesserunt,
1086 1674 1153 1734 fieri

139 1787 199 1827 non
221 1769 329 1843 potest,
352 1769 387 1825 ut
408 1767 464 1825 hoo
483 1767 579 1826 solnm
600 1767 711 1826 falsum
728 1768 768 1825 sit
787 1765 866 1840 quod
883 1764 1078 1824 novissimum
1097 1767 1152 1824 est.

206 1856 275 1914 Non
293 1857 401 1931 potest,
423 1857 531 1931 inquit,
554 1855 618 1914 fieri
636 1854 837 1931 parricidium.
874 1854 920 1914 vis
938 1855 1037 1926 mirer,
1055 1857 1152 1929 peter,

140 1944 166 2004 si
189 1964 248 2003 non
272 1944 400 2003 ereditur
422 1945 557 2002 futurum
581 1944 775 2020 quodetiam
799 1961 866 2001 oum
888 1944 1001 2001 fastum
1025 1946 1078 2016 est,
1101 1945 1153 2000 vix

141 2030 291 2092 creditur?
331 2032 453 2106 falleris,
476 2032 502 2091 si
525 2033 664 2092 adversus
686 2031 853 2108 praedictus
876 2032 1066 2090 necessitates
1091 2033 1152 2090 suf·
1168 2053 1193 2092 so

140 2121 226 2179 fioere
250 2122 343 2181 orodis
367 2122 447 2196 quod
469 2141 523 2198 ego
546 2121 641 2180 bonus
664 2120 742 2179 filius
765 2139 839 2196 sum,
862 2120 942 2196 quod
964 2123 998 2178 tu
1022 2122 1153 2196 optimus

140 2213 233 2286 pater.
262 2212 298 2268 tu
312 2229 371 2268 non
385 2209 505 2268 meroris
520 2211 602 2285 soiro,
617 2210 712 2284 oredo,
727 2229 782 2287 ego
796 2210 900 2284 utique
914 2209 994 2268 nolle
1007 2228 1054 2266 me
1069 2210 1153 2268 scire.

52 2361 53 2364 ,
142 2299 216 2375 quid
239 2301 284 2358 est
307 2316 377 2376 ergo
400 2299 508 2374 fatum,
534 2301 592 2357 nisi
616 2298 695 2374 quod
716 2298 751 2357 fit
774 2300 804 2357 et
826 2318 886 2358 non
913 2298 1003 2356 habet
1026 2297 1154 2356 cousus?

210 2386 462 2456 Quemadmodum
481 2407 560 2465 ergo,
583 2387 689 2464 inquit,
707 2387 787 2447 istud
806 2389 898 2447 vitari
914 2387 1022 2463 potest,
1045 2389 1072 2444 si
1089 2386 1156 2445 fieri

143 2495 261 2536 neeesse
284 2474 349 2535 ost?
395 2475 508 2535 scilieet
529 2477 586 2535 hoo
608 2478 671 2536 solo
694 2479 821 2551 ratione,
850 2479 884 2535 ut
906 2494 985 2535 mors
1008 2476 1087 2535 inter
1109 2476 1154 2534 fa·
1170 2497 1193 2536 ss

144 2566 228 2626 cinus
251 2567 457 2641 hominemque
480 2569 617 2641 ponetur.
653 2565 793 2640 vinoitnr,
815 2567 909 2642 poter,
932 2566 1037 2638 fatum,
1061 2566 1086 2623 si
1109 2584 1154 2623 re·

144 2658 247 2730 sistns3
276 2655 384 2729 vincit,
414 2654 441 2713 si
469 2655 686 2731 contempseris.
733 2675 789 2732 ego
818 2655 890 2730 quin
919 2654 1010 2712 immo
1040 2655 1155 2730 gratias

143 2745 199 2804 hoo
218 2744 280 2804 solo
303 2745 422 2802 nomine
440 2743 649 2802 crudelissimis
672 2745 744 2802 fotis
763 2745 842 2818 quod
859 2743 1021 2801 maximnm
1038 2742 1155 2802 focinus

144 2852 204 2892 non
226 2836 259 2891 in
281 2833 379 2908 prima
401 2832 468 2890 aevi
489 2833 549 2891 mei
571 2835 657 2908 parte
679 2835 850 2909 posuerunt,
874 2832 952 2907 quod
975 2833 1155 2907 praemissae

215 3001 336 3056 tiusto:
356 3000 435 3056 iuxta
457 3011 479 3054 V
535 3001 678 3056 orassendi
701 3011 722 3053 V
781 3007 927 3072 tooqosus
946 3011 961 3056 e
979 3002 1062 3054 ordor
1084 3010 1105 3052 V

147 3073 250 3127 btotis
269 3073 373 3126 viribus
393 3072 491 3127 diebus
509 3082 531 3125 V
599 3078 632 3126 10
650 3071 744 3126 nullus
763 3086 777 3137 o
841 3079 873 3126 13
893 3073 1044 3142 explicato:
1065 3071 1156 3140 expli-

144 3143 202 3199 oitu
220 3153 257 3211 Μ,
276 3161 343 3200 corr.
357 3165 389 3197 m
462 3149 494 3198 17
513 3143 617 3199 falsum
635 3161 684 3199 om.
699 3154 732 3211 Ρ,
751 3161 826 3213 supr.
839 3166 861 3205 φ
920 3143 1024 3198 falsum
1042 3144 1057 3211 ξ
1078 3143 1115 3198 sit
1138 3154 1160 3196 V

144 3256 178 3304 22
202 3267 254 3321 ego
277 3251 376 3319 utique
399 3260 440 3318 Μ,
468 3257 571 3320 tronsp.
590 3272 622 3304 m
736 3250 825 3320 εξοίτθ
846 3260 875 3303 Β
970 3256 1003 3304 25
1027 3217 1080 3305 huo
1098 3260 1159 3303 ΒΜ

146 3321 353 3392 (heuprnet
369 3324 411 3392 m)
466 3328 499 3377 26
518 3321 625 3376 fuctum
644 3331 676 3375 Μ
726 3327 759 3375 27
780 3339 833 3392 ego
853 3323 926 3388 diss
979 3323 1048 3392 quin
1068 3323 1155 3375 immo

145 3393 265 3467 gratius:
289 3393 389 3462 inquid
406 3394 491 3448 immo
510 3393 617 3464 gratius
634 3403 673 3463 33
696 3392 789 3462 inquit
807 3393 913 3463 gratius
933 3394 1026 3448 animo
1046 3403 1087 3461 Μ,
1111 3393 1156 3447 vel

145 3482 299 3551 quinimmo
313 3482 420 3552 gratius
439 3500 554 3552 sepum
609 3487 642 3537 29
661 3481 752 3553 prime
771 3482 843 3536 oevi:
865 3469 978 3552 pimenio
998 3493 1033 3550 1³3
1052 3484 1156 3554 fimena

145 3554 230 3608 ouis
301 3554 477 3624 posuerinto
