2430 3952
141 188 205 253 258
503 187 593 242 unns
612 185 789 242 navemus

141 355 273 415 auferri?
317 359 363 415 ita
389 356 486 431 plane.
532 356 665 431 alioquin
692 359 726 414 tu
753 356 821 415 illos
848 357 880 412 in
903 358 1087 416 vetustatem
1111 379 1157 418 rc·

142 447 293 520 servatae,
321 448 351 504 et
374 445 515 503 durarent
542 445 651 520 adhuc,
678 446 737 502 nisi
760 445 799 503 ad
825 443 945 503 hortum
971 448 1059 504 tuum
1083 465 1158 523 apes

140 534 297 594 venissent.
339 534 422 594 cuius
444 535 490 592 rei
511 536 640 592 inveniri
662 535 762 609 potest
784 532 902 591 brevior
925 533 1028 592 aetas?
1069 555 1157 596 nam-

141 643 197 700 que
216 625 287 682 dum
308 625 473 682 inmaturcs
492 625 619 682 exterior
638 624 745 700 alligat
763 624 870 696 cortex,
893 623 1024 681 nendum
1044 624 1156 685 dixeris

140 713 249 772 florem.
296 713 443 789 paulatim
475 712 579 770 deinde
606 711 751 771 viridiore
783 729 852 770 succ
884 713 1023 771 tumescit
1050 716 1196 776 uterus-5

141 804 171 860 et
193 802 320 861 albentis
343 803 452 876 accipit
473 802 573 875 rimas,
595 801 721 859 necdum
742 803 843 858 tamen
865 799 919 859 flos
939 803 991 859 est.
1029 804 1062 861 at
1086 823 1156 862 cum

140 891 286 966 seraptis
308 892 370 948 iam
391 891 500 948 tunicis
522 892 555 947 in
577 891 715 965 patulum
733 891 833 964 capita
855 889 996 947 fuderunt
1020 894 1051 949 et
1068 893 1157 950 velut

139 980 209 1039 fissa
237 981 270 1037 in
300 978 413 1053 orbem,
444 981 562 1053 iamque
594 982 741 1037 terrarum
772 977 891 1036 videtur
917 980 1092 1055 maturitas,
1123 985 1158 1040 et

139 1070 289 1146 ingenitus
317 1086 437 1127 occasus
469 1069 514 1126 θεῖ
542 1069 572 1126 θῖ
598 1070 660 1125 iam
692 1069 754 1126 sine
781 1068 879 1126 ventis
907 1086 1024 1142 quoque
1052 1070 1156 1128 soluta

139 1159 248 1215 natura
275 1156 387 1215 labitur
414 1158 526 1234 gratia,
554 1158 789 1231 necquicquam
814 1158 859 1214 est
885 1156 939 1215 flos
962 1157 1020 1216 nisi
1048 1176 1154 1218 novus.
1170 1180 1195 1221 ie

141 1265 232 1321 quare
251 1247 277 1304 si
294 1246 430 1320 dicerem,
449 1245 597 1304 abstulere
615 1246 750 1320 peritura
769 1247 798 1302 et
817 1265 892 1320 quae
912 1247 1049 1320 protinus
1068 1248 1155 1307 humi

140 1337 313 1410 iacuissent,
341 1336 373 1392 in
400 1353 470 1394 usus
498 1335 651 1393 hominum
678 1352 833 1408 conversa,
864 1334 1017 1394 inauditus
1049 1339 1154 1396 tamen

139 1426 217 1482 livor
244 1423 394 1483 videretur
421 1425 513 1482 etiam
541 1423 645 1498 apibus
672 1423 813 1481 invidere.
858 1443 937 1482 nunc
961 1442 1032 1483 vero
1061 1425 1154 1486 disse·

139 1513 264 1571 rendum
285 1514 360 1571 mihi
382 1515 427 1571 est
450 1531 540 1588 quam
562 1514 746 1570 momentosa
769 1513 809 1571 sit
830 1512 917 1570 huius
942 1514 1080 1573 animalis
1105 1533 1154 1574 ra·-

138 1605 218 1678 pina.
250 1602 409 1681 ,nescimus
438 1620 497 1676 qua
525 1602 701 1677 pernicitate
727 1600 901 1675 plerumque
927 1601 977 1659 vir
1005 1606 1154 1663 contactis
1168 1625 1193 1665 ιε

139 1690 259 1750 floribus
290 1691 405 1749 revolet
436 1691 640 1765 discurratque
672 1710 725 1765 per
756 1690 888 1766 singulos
920 1692 1005 1749 velox
1038 1695 1154 1767 experi-

139 1784 247 1856 mento,
270 1799 359 1854 quam
377 1779 478 1853 etiam,
496 1779 548 1837 ubi
564 1778 760 1852 inmorentur,
783 1778 900 1837 libretis
918 1779 1068 1855 pendeant
1087 1783 1152 1842 elis.

141 1872 207 1943 quis
234 1887 376 1943 umquem
405 1867 483 1943 quod
510 1869 653 1926 ferentem
681 1887 767 1943 apem
795 1867 923 1942 viderat,
955 1869 1008 1927 ubi
1037 1868 1154 1931 deesset

87 1959 125 2013 la
139 1955 274 2016 invenit?
320 1958 498 2032 quantulum
520 1976 589 2015 vero
614 1959 658 2014 est
682 1957 760 2031 quod
784 1976 818 2014 ex
840 1957 886 2015 his
909 1976 999 2016 manu
1027 1962 1153 2019 consitis

140 2046 260 2104 floribus
292 2043 413 2122 legant?
458 2048 546 2120 prata
578 2045 727 2120 silvaeque
757 2046 805 2103 vel
837 2049 970 2105 maturae
1003 2047 1152 2108 fructibus
1167 2072 1192 2111 sc

139 2134 214 2192 vites
243 2137 273 2192 et
299 2135 462 2211 fraglantes
486 2135 589 2208 thymo
617 2134 719 2208 colles,
744 2138 888 2209 quantum
910 2130 1080 2195 coniectura
1105 2157 1153 2196 su·

139 2223 248 2299 spicari
270 2225 377 2298 potest,
400 2223 543 2298 pabulum
567 2225 746 2282 ministrant.
783 2242 843 2281 uon
866 2224 1001 2284 omnibus
1028 2225 1152 2286 ficribus

139 2314 265 2387 carpunt
287 2312 376 2370 utilia
399 2312 481 2387 operi
504 2330 565 2386 suc,
589 2311 693 2371 sedin
716 2312 851 2371 omnibus
873 2322 1027 2388 quaerunt.

205 2401 346 2460 Praesens
371 2401 489 2475 quidem
516 2402 570 2459 illa
596 2403 732 2476 protinus
759 2401 893 2460 redditur
917 2415 1041 2477 merces,
1071 2406 1152 2479 quod

139 2491 274 2550 omnibus
294 2490 399 2565 quibus
422 2490 563 2564 insedere,
586 2490 706 2549 odorem
728 2490 823 2549 mellis
842 2490 990 2566 inspirant
1013 2494 1044 2550 et
1066 2493 1190 2555 breviis

138 2583 276 2639 contactu
299 2581 361 2638 vim
384 2582 430 2637 sui
452 2581 632 2654 relinquunt.
678 2579 734 2637 hcc
756 2581 791 2637 tu
814 2580 956 2638 damnum
978 2577 1152 2659 intellegis?

138 2670 193 2728 hcc
212 2688 324 2727 veneno
343 2669 476 2727 vindicas
496 2669 575 2743 quod
593 2668 758 2726 mehercule
776 2669 937 2728 inhumane
956 2671 1046 2728 etiam
1067 2671 1151 2731 fumo

138 2755 359 2833 prohibuisses?

211 2890 349 2944 lauffere
369 2913 386 2942 α
441 2889 648 2962 3breviord15
697 2896 809 2944 teuco:
830 2892 901 2945 huce
919 2901 940 2943 V
987 2892 1151 2949 talbentee

139 2969 189 3013 Mc
245 2964 275 3015 at
293 2980 343 3017 cm.
362 2972 383 3015 V
437 2965 498 3015 tum
516 2972 537 3015 V
596 2964 660 3016 let
677 2962 921 3016 velut—occasus
940 2965 983 3016 est
1002 2966 1047 3017 t9
1066 2979 1151 3019 θεῖα

139 3032 229 3085 8fira
248 3042 280 3085 M
338 3034 395 3086 iam
413 3049 485 3102 quae
504 3035 580 3088 Dese.
636 3035 772 3088 terrarum
791 3035 841 3088 del.
856 3036 933 3089 Dese.
945 3052 974 3103 p.
986 3039 1035 3101 903
1054 3051 1151 3090 eorum

140 3115 156 3154 ς
208 3104 325 3158 maturis
344 3114 372 3157 B
433 3110 447 3157 9
467 3105 609 3173 ingenitus
627 3107 669 3159 cel
686 3105 799 3158 innatus
819 3107 897 3160 Dese.
912 3107 961 3160 ila:
981 3106 1095 3175 ignotus
1115 3130 1151 3175 ως

140 3174 269 3227 admetus
286 3175 334 3229 Gr.
391 3180 422 3229 10
442 3175 590 3244 quisquam
609 3185 654 3240 Me
707 3194 790 3231 noves
805 3186 833 3229 Β
885 3183 918 3230 14
938 3180 1112 3234 mementosa
1125 3190 1153 3233 Β

140 3251 173 3298 16
192 3245 299 3298 revolat
315 3255 337 3298 V
401 3252 433 3299 17
453 3264 553 3314 quam:
572 3248 682 3315 quode
748 3247 960 3301 inmorabantur
978 3261 1018 3300 ac
1082 3267 1151 3319 pen-

139 3317 236 3370 deant:
258 3318 307 3369 ant
325 3327 359 3384 Β,
377 3318 469 3386 pende
486 3330 593 3387 supra
667 3324 699 3372 18
718 3320 808 3386 qued:
828 3320 877 3388 qui
896 3332 910 3383 β
968 3319 1064 3374 videat
1082 3335 1098 3385 β

138 3387 188 3441 ubi
205 3387 314 3455 vi—der-at
328 3390 438 3442 deesset
455 3398 476 3441 V
554 3395 586 3442 19
609 3389 653 3445 his
672 3403 752 3453 ocae
829 3394 862 3443 20
882 3391 938 3444 mel
955 3393 1084 3446 maturae
1102 3402 1152 3447 Βν

139 3500 171 3548 21
191 3478 557 3566 f1·a}entes11(nsupr.e);
576 3495 732 3566 fragrantes
747 3506 789 3563 M3
808 3496 959 3566 flagrantes
973 3507 1006 3566 ες
1025 3497 1151 3571 fraglan-

138 3567 214 3620 tibue
234 3579 254 3619 c
322 3566 411 3620 thimo
429 3576 455 3619 Ρ
525 3573 558 3620 22
578 3584 611 3621 ex
630 3568 794 3621 omnibues
865 3573 898 3622 24
918 3572 947 3622 θῖ
965 3569 1081 3637 quiden
1097 3572 1155 3659 «Γ.
