2430 3952
129 190 193 254 178
532 189 741 244 ennnnroa
794 158 796 162 ’
859 278 862 283 .

127 360 201 418 meis
223 358 313 417 finem
335 358 401 416 dari
423 356 542 434 placet?
587 377 693 435 parum
716 359 761 416 est
784 358 863 433 quod
885 360 1005 417 insanos
1028 359 1142 434 pertuli

127 448 234 507 fluctus
263 451 293 506 et
315 447 411 507 saevis
438 447 665 522 tempestatibus
693 448 865 506 commissus
889 447 1012 506 arbitrio
1035 449 1140 507 vento-

127 556 194 595 rum
225 534 373 613 pependi?
424 556 532 612 parum
564 540 621 610 est,
654 535 732 610 quod
764 536 795 593 in
827 537 955 595 nefarias
987 537 1141 595 latronum

128 644 233 685 manus
255 626 366 701 praeda
389 627 519 700 perveni,
541 643 618 700 qnae
641 625 748 683 ultima
766 624 912 683 malorum
931 624 1022 684 etiam
1040 643 1141 684 servo·

127 735 194 773 rum
222 714 354 774 condicio
381 716 439 787 est,
467 714 529 773 sine
557 715 728 789 exceptione
750 711 885 772 venalis?
929 713 998 772 inde
1024 733 1086 787 me,
1114 715 1141 774 si
1169 736 1183 776 s

128 804 279 879 voluisset,
303 823 398 862 emere
421 804 521 878 potuit
540 802 685 861 inimicus.
721 822 828 878 parum
847 805 900 877 est,
923 803 1003 878 qnod
1021 822 1069 860 me
1088 803 1142 860 diu

126 895 244 968 piratae
262 893 294 950 in
309 910 424 951 carcere
437 893 594 966 retentum,
614 892 684 966 quia
701 891 918 966 redemptorem
935 892 996 949 iliis
1015 891 1141 950 divitem

127 983 322 1058 promiseram
348 983 478 1056 patrem,
506 980 537 1037 in
564 980 668 1038 ludum
690 979 886 1038 vendiderunt
913 982 1067 1056 tamquam
1090 981 1141 1039 de-

128 1068 228 1145 cepti?
265 1069 345 1145 quod
369 1069 533 1128 cotidianae
556 1087 674 1146 pugnae
697 1069 890 1128 meditatione
913 1072 976 1127 tam
994 1069 1045 1127 diu
1063 1071 1142 1128 mori

128 1158 239 1218 didicit
285 1157 364 1233 quod
386 1159 580 1233 compositus,
604 1160 749 1232 armatus,
772 1158 910 1216 inductus
932 1159 1087 1233 perieram,
1114 1159 1142 1218 si
1156 1182 1183 1222 ro

127 1248 234 1307 melior
257 1249 368 1306 amicus
395 1247 530 1322 fuissem,
558 1248 684 1305 nisime
710 1265 788 1305 nova
810 1247 946 1306 velutin
973 1250 1064 1322 portu
1088 1247 1141 1305 ad-

128 1339 195 1396 orta·
217 1339 379 1411 tempestas
397 1335 529 1411 paternis
548 1335 660 1395 laribus
679 1339 825 1395 extorrem
843 1338 873 1394 et
890 1335 1048 1395 necessarii
1067 1355 1141 1410 quo-

129 1446 185 1502 que
217 1425 313 1484 victus
345 1425 464 1500 inopem
496 1425 605 1484 circum
638 1425 676 1483 ad
708 1426 820 1484 alienas
852 1425 985 1484 mitteret
1016 1423 1142 1484 domos?

128 1515 221 1591 pudet
247 1532 419 1572 enumerare
447 1514 663 1572 calamitatium
690 1532 823 1572 mearum
850 1514 973 1591 gradus:
1000 1516 1141 1590 piratam,

129 1605 278 1679 lanistam,
301 1605 426 1678 patrem.
1157 1625 1184 1665 rs

77 1689 115 1745 13
194 1692 310 1768 Atquin
336 1710 406 1767 pars
433 1691 493 1750 ista
521 1691 666 1766 criminis,
698 1691 823 1765 iudices,
849 1693 907 1750 mei
935 1710 993 1750 non
1021 1691 1142 1750 defendi

128 1783 250 1857 meruit,
278 1780 328 1840 sed
354 1780 478 1839 laudari.
524 1798 619 1855 neque
647 1781 726 1838 enim
752 1780 867 1856 reperio
896 1781 968 1856 quid
992 1782 1024 1838 in
1051 1781 1141 1839 rebus

128 1871 266 1929 humanis
285 1869 461 1946 excogitarit
477 1871 586 1927 natura
603 1869 804 1945 praestantius
823 1869 964 1943 amicitia,
981 1869 1053 1944 quid
1072 1888 1141 1929 con-

130 1959 230 2018 cordia
262 1959 365 2016 contra
396 1958 548 2016 fortunam
578 1959 675 2017 maius
707 1957 858 2016 auxilium.
909 1978 980 2016 nam
1010 1957 1142 2033 primurn

128 2050 247 2123 praeter
270 2049 367 2105 cetera
386 2047 529 2105 animalia
550 2046 649 2104 induit
670 2049 779 2106 nostris
801 2046 970 2122 pectoribus
989 2047 1141 2121 quandam
1154 2070 1184 2110 ao

130 2137 302 2195 societatem
325 2154 401 2209 quae
423 2138 527 2194 mutuo
550 2135 679 2213 gaudere
702 2153 868 2213 congressu,
892 2136 1065 2194 contrahere
1087 2155 1142 2210 po·

129 2226 230 2302 puleS,
261 2223 385 2283 condere
417 2223 503 2282 urbes
537 2224 654 2283 edocuit
686 2227 728 2298 et,
761 2243 827 2282 cum
854 2225 1002 2283 mentibus
1029 2227 1142 2284 nostris

129 2316 227 2374 varios
250 2313 425 2388 imposuerit
447 2315 558 2386 motus,
585 2310 701 2371 nullum
722 2313 855 2388 profecto
883 2314 1035 2372 meliorem
1057 2313 1142 2371 beni-

129 2402 262 2463 volentia
288 2402 395 2461 tribuit
422 2401 580 2461 adfectum.
628 2402 699 2477 quid
726 2404 804 2460 enim
831 2403 909 2461 foret
935 2403 1065 2462 humano
1089 2423 1141 2479 ge-

130 2511 199 2551 nere
225 2493 355 2565 felicius,
387 2491 413 2549 si
440 2509 540 2549 omnes
568 2509 630 2549 esse
659 2493 780 2566 possent
809 2489 917 2550 amici?
962 2510 1022 2550 non
1050 2491 1142 2565 bella,
1156 2514 1191 2554 ss.

130 2583 297 2656 seditiones,
319 2579 485 2654 latrocinia,
508 2580 575 2638 lites
595 2581 750 2655 ceteraque
772 2581 852 2638 mala
874 2599 949 2655 quae
971 2579 1142 2640 hominibus

131 2691 166 2730 ex
188 2689 218 2729 se
242 2671 314 2746 ipsis
337 2672 410 2727 nata
433 2671 516 2743 sunt,
542 2668 679 2728 fortunae
704 2669 901 2728 accessissent.
948 2669 979 2726 id
1001 2670 1073 2744 quia
1095 2671 1142 2728 ni-

130 2760 223 2818 mium
243 2760 296 2818 deo
315 2759 412 2818 visum
431 2761 484 2832 est,
507 2759 539 2815 at
558 2760 635 2816 certe
657 2758 790 2816 honestis
809 2757 963 2817 convenire
981 2758 1142 2832 mentibus,

129 2848 218 2906 fidem
241 2849 348 2923 colere,
376 2847 485 2905 amoris
508 2848 636 2924 gratiam
658 2846 767 2905 referre
790 2846 925 2906 omnibus
948 2846 1141 2922 temporibus,

130 2937 266 2996 omnibns
285 2936 422 3014 gentibus
440 2936 633 3012 praecipuum
643 2939 682 2995 -et
697 2935 914 3011 quodammodo
934 2954 1050 2994 sacrum
1068 2935 1142 3012 fuit,
1156 2958 1186 2999 aa

202 3146 217 3193 3
237 3123 453 3208 qnod¹¹i1efarias
470 3150 499 3193 Β
573 3140 671 3193 41611
688 3149 712 3193 J
789 3144 803 3191 '1
822 3141 974 3193 retentum:
993 3143 1007 3192 t
1024 3140 1143 3196 alteram

130 3213 162 3266 ia
179 3222 266 3266 rasa
321 3212 493 3275 9101111166
548 3216 578 3264 11
598 3213 743 3280 portuma
797 3211 896 3264 adorta
915 3223 943 3264 s:
963 3211 1100 3279 adoptata
1119 3235 1143 3266 ω

132 3288 165 3335 14
184 3282 330 3336 enuntiare
349 3295 370 3335 o
439 3281 643 3336 cadamitatium
661 3291 703 3335 u:
727 3281 921 3335 calamitatum
938 3291 966 3335 Β
983 3282 1003 3350 (1
1021 3299 1096 3350 ewpr.
1113 3286 1142 3353 ι)

134 3364 189 3419 veo
242 3359 273 3406 17
293 3362 380 3421 ne133
399 3370 451 3407 nec
470 3362 502 3405 M
554 3358 586 3406 18
606 3352 785 3422 excogitant:
805 3353 1087 3408 interamnates

130 3425 206 3495 qnod
227 3425 288 3481 our.
371 3429 405 3477 10
423 3425 545 3493 praeter:
565 3423 672 3487 interp
751 3421 889 3487 indiditp
968 3424 1143 3478 131161610-

130 3496 288 3550 lentiam
349 3495 753 3564 1436161661.Β,61111.11
773 3502 890 3563 marpe
953 3494 1145 3550 11611111Β

132 3573 165 3622 18
187 3569 237 3621 aut
254 3575 283 3620 Β
300 3567 340 3635 (61
356 3582 431 3635 supr.
447 3568 473 3635 a)
492 3575 514 3618 ν
