2430 3952
120 195 187 260 334
417 194 566 248 suenrus
584 194 624 248 nu
642 154 830 248 nerannr

119 362 216 440 poscit
234 363 403 423 sollicitudo
426 365 541 442 generis
564 364 694 422 humani.
732 365 813 422 etant
832 363 910 422 circa
926 362 1035 423 liberos
1055 366 1137 423 atto·

119 453 177 511 niti
199 455 347 528 parentes,
369 453 471 511 horret
490 453 619 511 invicem
637 470 668 510 se
687 453 796 512 caritas
815 453 948 511 fraterna
967 453 1145 534 complecti,

119 544 209 617 rupta
233 544 277 600 est
299 541 353 600 illa
380 541 547 601 osculorum
570 543 648 600 inter
671 560 785 601 soceros
814 559 993 618 generosque
1018 543 1137 618 simpli-

120 631 202 690 citas.
241 649 394 706 quousque
417 648 471 689 nos
492 650 559 689 curn
582 624 699 689 silentii
716 631 763 689 tui
785 630 1030 706 interpretatione
1054 650 1137 690 com-

119 718 238 778 mittis?
283 720 308 778 si
331 718 407 777 nihil
430 720 542 778 factum
566 721 611 778 est
635 718 714 794 quod
737 718 843 778 debeat
866 718 1035 779 erubescere
1058 722 1138 778 tem·
1168 743 1182 784 e

118 828 226 885 porum
255 809 358 884 pudor,
390 808 461 883 quid
490 808 548 866 sibi
575 809 680 868 volunt
707 809 797 866 verba
827 807 939 883 media,
968 807 1138 884 suspensa?

119 899 145 956 si
167 898 251 958 nefas
274 896 452 974 prodigiosis
476 898 572 956 simile
596 897 705 956 sabulis
728 896 961 972 deprehendisti,
984 898 1138 974 miserere,

119 1007 156 1045 ne
180 988 221 1045 sis
244 1006 306 1046 una
326 988 421 1044 morte
445 990 610 1045 contentus.
651 987 796 1045 incestam
818 986 940 1064 gravius
964 986 1060 1045 odisse
1084 987 1138 1046 de-

119 1075 183 1151 bes,
211 1075 290 1152 quod
319 1078 349 1134 et
371 1076 454 1134 venit
480 1077 513 1133 in
539 1076 649 1148 forum,
678 1074 756 1150 quod
784 1074 940 1134 audaciam
967 1077 1137 1135 innocentis

118 1165 258 1223 imitatur
290 1166 320 1223 et
351 1164 463 1222 tacenti
494 1164 612 1224 videtur
642 1163 739 1223 irasci.
786 1183 852 1222 cum
884 1163 979 1221 filiurn
1011 1167 1138 1240 propter
1153 1189 1181 1229 ιο

118 1272 268 1312 rumorem
281 1255 412 1327 torseris,
426 1255 549 1329 propter
562 1255 711 1312 tormenta
725 1253 875 1328 occideris,
893 1271 952 1311 non
972 1255 1016 1312 est
1034 1253 1138 1312 media

118 1360 174 1417 res,
197 1345 232 1401 ut
255 1344 394 1400 neutrum
413 1344 549 1401 sciamus.
586 1344 682 1400 mater
701 1342 829 1417 quidem,
851 1341 972 1416 iudices,
994 1343 1137 1400 innocen-

118 1432 234 1491 tissima
261 1431 316 1490 hoo
340 1432 517 1506 complorat,
544 1431 599 1489 hoc
627 1431 704 1488 ferre
731 1450 791 1489 non
818 1433 929 1507 potest,
953 1431 1031 1506 quod
1057 1431 1138 1491 nihil

66 1524 104 1579 16
118 1520 268 1597 parricida
299 1519 466 1596 respondet.
512 1520 565 1578 sed
594 1519 678 1578 nobis
707 1518 827 1578 videtur
857 1522 1038 1595 iamiamque
1070 1539 1137 1580 esse

119 1609 260 1669 dicturus.
306 1628 365 1668 non
387 1609 469 1669 fallit
491 1627 558 1683 nos,
581 1606 720 1682 nefande,
745 1608 817 1683 quid
840 1612 950 1684 captes,
974 1609 1029 1666 hoc
1053 1609 1136 1683 qnod
1151 1631 1180 1674 15

118 1717 208 1774 supra
232 1698 384 1758 silentium
406 1699 501 1757 trahis
525 1699 588 1757 alta
611 1697 749 1774 suspiria,
773 1697 852 1774 quod
874 1700 905 1755 in
928 1699 1137 1773 prorumpenti

118 1787 228 1847 videris
252 1787 466 1846 exclamatione
487 1786 618 1862 deficere,
642 1786 795 1845 mendacio
817 1788 942 1861 paratur
960 1787 1136 1863 auctoritas,

119 1879 150 1935 et
171 1876 203 1935 in
226 1875 315 1935 fidem
337 1878 496 1951 erupturae
515 1878 596 1935 vocis
615 1875 757 1950 adfertur,
779 1877 814 1933 ut
832 1876 922 1934 fateri
939 1875 1068 1934 videaris
1087 1877 1135 1934 in-

117 1967 206 2025 vitus.
252 1965 437 2039 dictamen,
465 1983 520 2040 par
544 1966 589 2023 est
611 1964 681 2023 huic
703 1966 747 2023 rei
769 1965 874 2023 matris
899 1964 1070 2040 integritas,
1099 1969 1136 2024 ut

118 2051 295 2113 mentiaris?
332 2072 349 2111 o
375 2056 486 2127 quanto
509 2071 589 2111 nunc
613 2051 713 2112 dolore
741 2055 888 2127 torqueris
916 2053 995 2128 quod
1017 2052 1136 2112 instari·
1150 2077 1181 2117 ao

116 2145 178 2201 tem
200 2161 260 2200 non
283 2145 368 2218 potes
391 2141 493 2216 aliqua
515 2142 594 2200 truci
616 2143 849 2217 proclamatione
874 2142 1026 2202 discutere.
1072 2161 1136 2201 non

117 2230 208 2289 verba
238 2229 295 2289 tibi
323 2232 426 2290 contra
457 2230 596 2289 miseram
630 2230 679 2290 sed
713 2233 889 2308 argumenta
921 2231 1040 2304 desunt,
1072 2251 1136 2291 non

117 2340 187 2380 voce
216 2320 268 2378 sed
295 2319 470 2396 probatione
498 2319 638 2379 deficeris.
684 2320 763 2395 quod
791 2321 886 2378 solum
913 2320 1014 2394 datur,
1041 2320 1136 2378 relin-

117 2410 182 2485 quis
205 2410 347 2468 infamiae
372 2412 402 2468 et
424 2428 477 2468 nos
502 2427 569 2467 oum
591 2412 736 2484 perpetua
755 2428 922 2468 sermonum
942 2409 1136 2486 malignitate

116 2498 286 2558 committis.
333 2498 385 2573 qui
417 2500 652 2575 interrogantem
683 2516 804 2556 uxorem
836 2517 889 2556 nec
923 2496 1046 2555 damnat
1078 2518 1136 2559 nec
1151 2521 1181 2562 as

116 2588 253 2662 absolvit,
276 2606 394 2646 rumore
418 2590 574 2646 contentus
597 2590 649 2645 est.
692 2586 869 2645 modestiam
892 2588 994 2644 mariti
1016 2588 1137 2662 pariter

116 2681 146 2737 et
168 2679 263 2754 patris
292 2677 426 2753 accipite.
472 2676 508 2734 de
531 2676 654 2734 muliere
678 2694 754 2750 quae
782 2677 917 2734 convinci
939 2695 998 2734 non
1022 2678 1136 2753 potest,

116 2767 248 2826 sufficere
277 2765 335 2824 sibi
361 2768 463 2841 putat,
493 2767 529 2823 ut
555 2766 669 2823 incesta
697 2765 842 2822 credatur.
889 2766 955 2840 quis
988 2784 1135 2840 umquam

1 2893 3 2906 ι
114 2857 178 2914 tam
200 2854 344 2914 nefandas
368 2856 455 2928 artes,
478 2857 541 2912 tarn
565 2857 719 2912 cruentum
741 2852 934 2928 deprehendit
956 2854 1137 2930 ingenium?

116 2944 187 3019 quia
209 2963 269 3002 non
291 2946 392 3020 potest
415 2942 540 3019 probare
565 2941 643 3018 quod
667 2942 783 3016 dixerit,
809 2945 911 3019 captat
934 2946 968 3000 ut
992 2943 1135 3003 credatur
1152 2967 1182 3008 eo

189 3217 204 3264 2
223 3210 360 3265 fraterna:
381 3226 501 3280 superna
515 3219 547 3264 M
599 3214 615 3263 3
634 3212 799 3277 tenerosque
817 3218 839 3261 V
907 3215 922 3263 ὅ
943 3159 1058 3275 debendi
1076 3220 1099 3263 V

116 3279 311 3359 erubescettre
329 3291 357 3336 M
443 3283 654 3350 Scontemptus
673 3281 812 3334 incestum
830 3289 862 3334 M
950 3285 983 3334 10
1001 3281 1138 3337 videatur

118 3373 140 3416 V
203 3380 279 3417 cnm:
298 3380 366 3416 num
384 3362 443 3417 Sel.
518 3360 700 3426 reinone
772 3365 927 3429 19parea
997 3359 1084 3414 huius
1105 3373 1140 3416 M

115 3436 290 3489 hortantem
312 3444 333 3487 V
420 3416 611 3514 21poteet15
699 3437 733 3485 23
752 3431 888 3486 defeceris
908 3441 977 3500 BM3
1001 3431 1137 3499 deficies

115 3511 148 3560 27
167 3505 265 3560 matris
279 3515 311 3559 M
363 3520 517 3574 quaecum
534 3503 610 3557 vinei
626 3512 658 3557 M
711 3508 744 3556 28
763 3503 871 3556 ineerta
884 3512 944 3556 BM
995 3507 1030 3556 30
1043 3507 1137 3574 capta

117 3587 139 3629 V
205 3579 271 3632 utut
288 3586 321 3631 M
