2430 3952
392 205 625 261 DECLAMATIO
643 205 682 259 IX
697 209 809 259 18-20.
1042 206 1104 269 185

94 375 221 450 paratio.
267 377 299 433 at
324 375 376 433 ille
404 375 479 433 mihi
507 374 658 449 praestitit
686 372 764 449 quod
791 393 851 432 non
878 375 991 451 rogavi.
1036 378 1104 433 utro

94 482 141 520 me
170 461 305 521 vertam?
349 467 503 540 tamquam
534 464 690 522 honestum
727 462 884 521 defendam
917 463 1030 521 factum
1066 483 1104 521 an
1152 482 1155 487 ¹

94 554 248 626 tamquam
279 550 496 612 necessarium?
542 552 670 610 alterum
702 551 817 611 absolvi
849 551 966 610 facilius
997 554 1104 627 potest,

94 641 219 698 alterum
243 641 360 700 laudari
382 643 588 716 rectissimum,
612 643 725 716 opinor,
755 641 891 699 veritatis
914 641 1046 699 interest.

68 748 80 788 o
160 727 252 805 Audi,
274 733 373 806 pater,
402 731 543 789 alimenta
565 732 625 788 ista
648 749 723 804 quae
747 729 858 787 donata
882 730 981 806 egenti
1007 732 1104 805 putas,
1119 729 1159 786 20

95 819 201 892 quanti
227 818 273 876 illi
297 821 439 878 constent.
486 819 511 878 si
535 821 654 895 accepto
678 813 865 894 captivitatis
892 836 974 876 meae
997 819 1103 877 nuntio

93 907 183 965 nullis
201 908 336 982 precibus
356 908 507 985 adductus,
529 908 620 966 nullis
640 907 773 982 epistolis
791 910 915 967 vocatus
934 907 1103 965 adulescens
1134 921 1138 928 ·

94 994 131 1052 ad
145 996 331 1055 hberandum
346 1016 392 1055 me
406 997 533 1056 vinculis
551 997 717 1073 piratarum
735 997 886 1071 profectus
906 998 982 1054 esset
995 995 1103 1070 quibus

91 1087 193 1142 tamen
219 1086 334 1144 meritis
362 1105 529 1161 pensarem,
559 1104 626 1144 cum
648 1086 680 1143 id
702 1086 777 1144 mihi
804 1082 1010 1160 praestitisset*
1025 1084 1105 1158 quod

53 1193 79 1233 1o
94 1192 147 1250 ego
177 1175 336 1233 tantuma
363 1177 449 1251 patre
472 1172 609 1251 speravi?
654 1176 766 1232 intrare
793 1175 902 1248 maria,
929 1173 1105 1248 praesertim

92 1261 156 1320 tam
178 1263 289 1321 recenti
308 1263 483 1323 documento
506 1263 646 1337 timenda,
670 1265 700 1322 et
717 1264 847 1321 latrones
866 1263 945 1321 ultro
964 1281 1105 1337 quaerere

93 1353 130 1425 et,
154 1370 221 1409 cum
243 1354 362 1428 praeter
384 1353 511 1411 vicarias
533 1370 639 1411 manus
662 1353 738 1409 nihil
761 1354 846 1425 esset,
870 1353 1011 1429 navigare
1034 1354 1104 1410 voto

92 1441 286 1516 captivitatis,
310 1441 376 1516 quis
399 1444 499 1517 posset
523 1442 598 1500 alius
618 1460 708 1515 quam
731 1442 783 1515 qui
805 1443 928 1515 paratus
952 1442 1028 1498 esset
1050 1459 1104 1514 pro

92 1529 187 1587 amico
215 1528 311 1589 mori?
356 1550 497 1607 magnum
519 1530 575 1588 hoo
603 1548 656 1605 per
679 1548 709 1588 sc
733 1547 766 1586 ac
790 1528 907 1587 saeculo
930 1532 1031 1587 nostro
1054 1529 1104 1587 1111

51 1637 77 1678 111
93 1617 244 1694 credibile,
272 1619 393 1678 iudices.
439 1619 515 1676 illud
542 1636 611 1676 vero
640 1618 720 1676 omni
749 1617 969 1693 praedicatione
999 1617 1105 1690 maius,

92 1706 130 1764 ad
153 1707 358 1766 redimendum
380 1727 427 1766 me
450 1708 600 1783 profectus
624 1710 682 1782 est,
705 1725 772 1765 oum
794 1706 1030 1765 mendicatarum
1051 1724 1103 1781 pa-

92 1797 168 1853 trem
187 1814 272 1855 suum
291 1795 387 1855 sciret.
424 1799 530 1872 atquin
548 1815 666 1871 sperare
684 1797 803 1871 poterat
821 1796 965 1869 futurum,
988 1797 1023 1853 ut
1041 1795 1104 1853 sine

91 1884 222 1958 periculo
242 1903 295 1943 suo
313 1885 507 1944 redimeretur
524 1884 717 1943 nihilominus
736 1885 857 1959 amicus,
880 1903 946 1942 cum
965 1883 1104 1942 haberem

92 1971 215 2031 divitem
239 1977 363 2048 patrem.
410 1975 461 2033 sed
483 1974 580 2033 noluit
602 1975 700 2049 ipsum
723 1973 839 2032 itineris
862 1975 1042 2048 apparatum
1066 1974 1103 2046 et,

51 2082 78 2123 ao
91 2081 129 2120 ne
153 2081 211 2137 qua
234 2063 345 2137 periret
367 2063 579 2138 redemptionis
601 2063 683 2137 hora,
706 2080 846 2143 praeceps
870 2061 1006 2120 11111111.
1047 2081 1101 2136 pro

90 2150 180 2208 fidem
198 2150 284 2208 deum
307 2152 526 2227 hominumque,
550 2152 798 2226 quemadmodum
817 2151 854 2209 ad
871 2151 1104 2226 redemptionem

92 2239 182 2298 amici
208 2241 344 2314 festinat,
372 2232 463 2299 etiam
486 2242 569 2299 cuius
592 2242 679 2316 pater
701 2241 798 2299 lentus
822 2238 887 2299 est?
932 2240 1104 2298 Terentium

92 2348 180 2403 quem
207 2329 285 2387 inter
312 2331 424 2388 ceteros
448 2329 582 2406 captivos
610 2330 736 2388 secundo
762 2328 873 2388 Punico
901 2329 979 2386 bello
1004 2327 1102 2403 Scipio

91 2417 249 2476 Africanus
273 2419 398 2477 vinculis
423 2420 600 2493 exsolverat,
622 2419 783 2476 memoriae
806 2418 954 2476 tradidere
977 2417 1103 2475 maiores

51 2524 77 2566 11
91 2505 203 2584 insigni
230 2511 367 2581 receptae
396 2507 557 2582 libertatis,
588 2507 678 2583 pilleo
705 2508 867 2565 testantem
892 2509 925 2564 in
952 2506 1102 2580 triumpho

92 2594 174 2653 ducis
194 2613 256 2654 esse
274 2599 470 2671 conspectum.
508 2599 538 2654 et
557 2595 609 2654 ille
628 2595 746 2670 quidem
760 2627 804 2635 —
817 2596 938 2653 maioris
962 2596 1103 2652 momenti

91 2685 219 2743 accessio
238 2717 280 2724 -
299 2685 450 2758 publicam
473 2686 605 2743 senserat
627 2685 814 2758 felicitatem,
837 2684 980 2759 privatim
1002 2686 1103 2740 tamen

92 2772 196 2831 debere
233 2792 264 2832 se
299 2775 421 2849 putavit
451 2774 559 2832 victori
594 2772 774 2831 beneficium.
822 2772 893 2847 quid
924 2791 971 2830 me
1007 2773 1103 2830 facere

92 2861 230 2921 convenit
257 2863 309 2936 qui
340 2882 393 2938 per
420 2865 515 2920 maria
546 2863 711 2921 latroniciis
742 2862 852 2919 infesta
879 2862 960 2920 solus
991 2861 1102 2935 pet‘tus

51 2968 78 3010 111
92 2948 179 3008 sum?
202 2951 254 3025 qui
272 2950 377 3026 lucem,
399 2951 577 3024 libertatem,
601 2952 726 3025 deniqne
746 2948 886 3025 quicquid
904 2951 984 3025 patri
1003 2949 1102 3024 debeo,

91 3057 151 3097 non
173 3040 308 3117 ignarus,
331 3043 366 3098 ut
387 3041 484 3116 primo
506 3040 616 3098 natalis
640 3040 730 3098 horae
752 3041 898 3114 tempore,
927 3040 978 3097 sed
1000 3038 1102 3097 videns

162 3303 178 3350 3
198 3300 240 3351 est
258 3299 352 3367 potest
374 3307 395 3350 V
458 3303 474 3350 ὁ
494 3299 611 3351 donata:
630 3301 674 3350 -ta
692 3300 724 3351 ia
741 3314 795 3350 ros.
815 3307 833 3348 u
894 3303 909 3351 6
929 3298 1038 3351 constet
1055 3305 1107 3349 BV

91 3368 279 3422 ladvocatus
302 3379 335 3433 Vc
407 3375 439 3423 11
464 3369 534 3422 recti
550 3378 579 3421 Β
632 3375 664 3422 21
686 3367 916 3434 hominemquee
988 3373 1021 3421 23
1041 3367 1102 3435 spio

89 3449 127 3506 111,
147 3439 174 3494 ci
191 3457 266 3509 supr.
280 3461 312 3492 m
380 3445 414 3494 24
434 3439 508 3493 affri-
521 3439 676 3510 {africanus
700 3449 729 3506 1²3
749 3437 898 3492 affricanus
918 3448 945 3491 ι’
1014 3436 1102 3495 exsol-

88 3526 184 3564 veram
202 3520 235 3564 Μ
286 3516 318 3564 25
337 3511 670 3581 insigne...gastantem
690 3512 745 3565 Ba.
801 3516 834 3563 27
855 3509 989 3564 accessio:
1010 3525 1102 3563 acces-

90 3582 168 3638 sione
191 3591 254 3647 Vue
325 3588 359 3637 28
377 3583 477 3637 victori
497 3595 523 3636 s:
544 3583 678 3637 victoriae
697 3604 720 3634 ω
793 3587 826 3635 29
847 3582 926 3635 solus
944 3598 1000 3634 oua.
1012 3589 1034 3629 v
