2430 3952
146 183 209 248 182
548 183 756 239 GLADIATOR

142 354 298 410 manitatis
325 352 450 412 civicam
477 353 604 430 gloriam
630 354 796 429 periturum
822 353 984 426 hominem,
1014 353 1077 411 sive
1105 353 1162 412 ille

143 440 300 518 naufragio
328 442 437 501 eiectus
465 443 527 500 sive
555 442 700 518 spoliatus
727 442 863 501 incendio
894 441 955 500 sive
984 443 1089 501 exutus
1113 442 1161 500 la·

143 530 269 589 trocinio
298 533 375 605 erat,
408 532 533 589 naturae
564 531 738 607 patriaeque
769 531 896 590 restitui.
942 530 1027 605 paria
1056 532 1162 590 tecum

143 618 231 693 facio,
253 619 420 694 respublica
439 638 515 694 quae
538 622 660 696 propter
681 639 729 678 me
751 640 844 678 unum
862 619 957 679 civem
974 618 1159 694 perdideras.

142 706 216 767 haec
238 727 284 766 me
309 708 405 786 magis
424 708 507 767 decet
528 708 663 784 impensa
682 727 772 784 quam
790 708 880 768 vestis
904 711 1067 785 argentum.
1105 709 1161 768 nbi
1190 731 1203 770 s

142 796 267 872 pecunia
290 797 397 856 melius
424 797 496 873 poni
522 800 621 873 potest
649 817 741 872 quam
768 798 821 856 ubi
852 798 917 856 laus
946 799 1070 870 emitur,
1103 797 1160 856 ubi

142 886 247 944 faenus
270 886 414 944 bonitatis
438 884 626 945 extenditur?

90 974 126 1029 17
208 974 319 1052 Magna
347 975 528 1034 conscientia
555 977 600 1034 est
632 974 807 1034 felicitatem
839 975 987 1034 meruisse.
1034 976 1159 1050 ignotus

142 1081 213 1122 sane
237 1065 277 1121 sit
295 1064 326 1122 et
344 1064 465 1139 alienus
490 1063 561 1140 quid
583 1065 674 1122 fuerit
693 1066 771 1139 ante,
793 1083 853 1122 non
872 1083 991 1138 quaero,
1013 1064 1159 1138 posthoc

32 1163 46 1183 ‘·
143 1151 200 1209 erit
224 1151 345 1211 amicus.
391 1155 421 1211 et
443 1153 570 1228 hercule,
594 1171 652 1227 qno
676 1154 803 1228 quisque
825 1153 892 1228 plus
915 1154 1015 1228 potest
1038 1170 1203 1226 quoquere

141 1241 233 1299 latius
256 1242 341 1316 patet
364 1241 403 1299 ad
424 1241 571 1316 incursus,
599 1242 654 1300 hoc
676 1241 772 1320 magis
801 1243 932 1319 cogitare
956 1241 1043 1299 debet
1065 1241 1159 1315 atque

46 1356 49 1363 =
141 1329 286 1405 respicere
309 1333 454 1404 qnantum
476 1330 507 1388 in
530 1350 584 1390 nos
607 1331 744 1390 fortunae
769 1350 894 1407 regnum
917 1329 970 1404 sit,
999 1347 1088 1404 quam
1110 1331 1159 1387 in-

143 1418 245 1476 stabili
267 1419 334 1478 sede
357 1419 487 1478 humana
510 1420 681 1479 consistant.
718 1438 778 1477 non
802 1409 849 1477 me
873 1421 978 1477 aurata
1001 1419 1159 1492 laquearia

86 1548 88 1552 ι
142 1526 195 1567 nec
217 1509 367 1567 radiantes
390 1527 537 1568 marmore
560 1509 714 1568 columnae
737 1527 790 1567 nec
813 1526 918 1586 graves
941 1509 1057 1566 crustae
1080 1508 1158 1567 fece-

140 1599 203 1654 rint
224 1599 426 1657 immemorem
448 1597 630 1674 fragilitatis.
676 1597 772 1656 multa
795 1615 882 1672 saepe
906 1599 936 1655 et
958 1596 1157 1671 locupletibus
1174 1619 1201 1659 is

142 1685 289 1760 accidunt,
312 1705 399 1763 saepe
422 1689 454 1744 in
476 1689 570 1745 imum
593 1705 708 1746 summa
731 1686 879 1745 decidunt.
920 1704 973 1762 ego
996 1684 1059 1744 uidi
1081 1703 1157 1760 pau·

140 1793 242 1850 perem
260 1775 372 1833 auxilia
391 1776 479 1834 diviti
497 1776 648 1834 ferentem.
686 1775 736 1834 sed
755 1793 825 1834 sane
844 1774 998 1849 superbius
1018 1774 1157 1832 aestimet

141 1863 275 1923 miserias
297 1864 388 1941 longa
416 1865 544 1922 felicitas
569 1868 598 1923 et
621 1865 751 1922 alienum
774 1882 875 1922 casum
902 1863 990 1921 facile
1011 1862 1158 1937 despiciat

142 1971 260 2011 securus
288 1953 346 2010 sui:
374 1972 442 2030 ego,
466 1954 603 2027 quotiens
632 1952 742 2011 auxilia
768 1953 948 2011 calamitatis
977 1955 1076 2027 petere
1100 1953 1156 2010 ali-

142 2060 230 2115 quem
253 2041 353 2115 video,
381 2061 439 2100 non
467 2060 588 2116 possum
610 2061 669 2100 non
692 2041 805 2100 moveri
828 2043 948 2099 fortuna
971 2060 1045 2099 mea.
1091 2059 1157 2098 suc·
1172 2063 1200 2102 so

50 2164 53 2169 ·
142 2130 235 2188 currit
261 2130 335 2188 mihi
362 2133 501 2189 continuo
534 2134 651 2205 tempus
679 2130 754 2188 illud
786 2149 844 2205 quo
876 2130 939 2204 ipse
967 2130 1157 2188 clementiam

143 2218 291 2293 optabam.
328 2219 446 2295 ignosce
469 2222 564 2294 pater,
587 2221 612 2278 si
635 2220 754 2295 penitus
773 2220 872 2276 animo
891 2238 956 2277 meo
979 2219 1028 2276 hic
1046 2219 1157 2278 insedit

143 2307 273 2366 affectus.
320 2326 419 2367 amare
442 2308 673 2367 misericordiam
696 2310 785 2366 miser
807 2306 899 2382 coepi.

211 2392 280 2455 ‘Sed
298 2393 456 2471 inimicus’,
477 2399 586 2472 inquit,
605 2392 698 2456 ‘meus
718 2393 782 2456 est'
821 2417 892 2454 num
912 2397 977 2470 quis
996 2415 1050 2454 nos
1068 2398 1156 2454 tanto

143 2504 230 2560 opere
253 2486 402 2561 laudaret,
430 2488 524 2562 pater,
552 2487 577 2546 si
599 2486 654 2545 hoo
677 2487 772 2545 amico
800 2483 1038 2561 praestaremus?
1083 2485 1157 2545 haee
1173 2505 1201 2546 as

143 2579 188 2634 est
215 2575 390 2634 celebranda
413 2578 520 2650 uirtus,
548 2576 621 2634 haec
649 2576 742 2633 animi
770 2573 956 2648 suscipienda
982 2573 1158 2649 moderatio,

142 2666 258 2723 vincere
285 2666 362 2723 iram
396 2669 426 2723 et
457 2667 536 2723 inter
563 2664 730 2723 simultates
758 2682 875 2739 quoque
907 2662 1075 2721 meminisse
1103 2664 1157 2721 ho-

216 2857 229 2903 1
249 2851 392 2905 hominem
410 2869 460 2906 om.
476 2861 509 2917 Β,
528 2862 635 2920 supro
708 2857 723 2903 2
744 2867 792 2903 seu
811 2849 948 2918 spoliatus
966 2859 998 2914 Vc
1071 2853 1087 2901 3
1106 2864 1157 2901 na-

143 2923 235 2974 turae:
255 2922 385 2977 fortunae
403 2922 462 2977 Sola
536 2928 553 2975 4
572 2922 660 2975 civem
679 2939 712 2975 aa
731 2920 838 2974 avem?
858 2923 935 2990 (corr.
951 2923 978 2989 a)
997 2929 1024 2972 Β
1094 2935 1158 2987 per-

144 2993 224 3046 deras
244 3002 277 3059 Β,
297 2994 326 3046 di
344 3004 452 3062 supro
525 2998 540 3046 5
564 2995 712 3062 argentum
730 2992 770 3058 ibi
789 3007 874 3060 quam
893 3008 1004 3056 auium,
1026 2989 1157 3044 ubilans

143 3069 189 3117 ect.
210 3066 279 3132 (exp.
293 3068 334 3134 m)
349 3073 381 3118 M
451 3070 466 3116 6
490 3081 574 3133 quam
598 3064 648 3117 ubi
670 3063 732 3117 laus
752 3063 854 3117 emitur
872 3069 936 3131 post
955 3063 1102 3131 argentum
1121 3084 1157 3128 ω,

143 3140 247 3203 consp.
265 3135 313 3189 Gr.
394 3136 591 3189 ‘lostenditur
608 3144 632 3187 J
710 3133 874 3203 Squesisse
893 3143 923 3200 J,
941 3132 1104 3187 meruisset

142 3204 256 3275 ignotus
276 3222 343 3263 sane
362 3207 410 3260 sit:
430 3207 543 3277 ignotus
563 3207 601 3259 sit
619 3221 654 3258 ne
673 3205 710 3259 sit
728 3215 755 3258 Β
821 3211 836 3258 9
857 3204 929 3258 alius
949 3214 980 3257 Β
1049 3209 1081 3257 12
1101 3203 1157 3257 for-

143 3278 230 3330 tunae
248 3277 279 3329 in
296 3293 346 3330 nos
366 3287 396 3330 Β
462 3294 560 3345 quam:
580 3277 655 3346 quod
674 3286 701 3330 Ρ
766 3275 863 3329 stabili
885 3285 906 3327 V
974 3281 1007 3328 13
1027 3277 1159 3329 constant

144 3349 200 3402 Bu.
257 3353 290 3400 14
309 3347 474 3417 columpnae
488 3359 509 3401 t·
561 3353 593 3402 ll
613 3347 730 3402 auxilia:
750 3365 811 3400 -ux-
826 3349 856 3400 iu
870 3364 924 3401 ros.
939 3356 967 3399 B
1016 3352 1049 3400 20
1067 3345 1126 3399 vidi
1141 3357 1163 3398 ι’

144 3423 177 3472 21
197 3417 268 3472 mihi
288 3435 337 3473 om.
353 3429 387 3486 Β,
405 3431 513 3488 cupro
584 3418 657 3472 illud
675 3419 726 3472 del.
741 3419 797 3472 Bu.
870 3423 903 3471 22
923 3417 1056 3471 obtebam
1074 3426 1107 3470 Μ

144 3495 179 3542 24
202 3507 270 3542 num
289 3491 381 3545 Desa:
406 3506 472 3543 nam
490 3513 512 3543 ω
603 3495 635 3544 26
660 3491 714 3544 est:
735 3490 809 3543 enim
828 3499 856 3542 Β
944 3488 1045 3543 animis
1063 3489 1158 3557 Desa

34 3576 38 3583 ’
142 3561 266 3614 amois
