2430 3952
371 202 606 258 necessitato
624 203 664 257 Vi
678 208 790 258 19-ιο.
1022 205 1086 268 129

74 390 172 449 ecquo
199 372 307 431 animo.
352 375 389 431 tu
410 372 506 430 filium
528 374 626 447 prima
649 371 777 432 docuisti
804 373 860 431 sibi
882 392 942 432 non
964 392 1085 449 parcere

72 464 175 539 potins
202 479 294 536 quani
323 462 393 537 plus
423 461 507 536 flere,
538 461 639 537 potius
671 479 762 536 qnam
792 462 888 537 ipsam
920 463 1085 521 rescindere

72 553 257 611 caecitatem.
293 550 445 626 profectus
462 554 516 625 est,
534 551 676 608 maritum
692 551 750 609 tibi
767 550 905 608 reddidit.
942 553 1086 610 ocrimen
1099 552 1140 606 21)

72 640 179 719 gravei
215 641 243 699 si
263 639 320 698 hoc
342 642 412 698 snte
435 640 562 712 fecisset,
584 639 708 697 videres.
745 642 778 697 at
799 641 927 698 retinere
950 659 1010 698 non
1032 660 1085 716 po·

42 728 169 788 atnisti.
214 748 274 787 non
296 728 394 786 dicam
415 727 485 786 tibi:
507 727 599 786 habet
621 729 717 803 pietas
740 728 886 803 impetum
908 747 1008 802 suum,
1031 748 1085 787 nec

70 818 169 876 iillum
191 816 345 876 dominum
362 817 447 876 novit
465 817 612 876 adfectus:
635 835 688 874 nec
708 817 761 874 ille
779 817 878 893 potuit
899 820 930 875 te
947 818 1084 891 retinere,
1134 845 1140 853 ·

70 926 109 966 ne
130 906 226 965 fleres.
268 906 339 964 audi
362 906 442 981 quod
465 909 511 964 est
532 906 640 980 verius,
663 905 746 964 aliud
767 907 894 981 putavit.
936 925 995 964 non
1018 911 1085 965 erat

71 995 213 1055 credibile
241 994 359 1055 obstare
383 997 414 1053 te
441 995 638 1070 redemptioni
665 1013 756 1052 meae.
801 997 1016 1071 interpretatus
1039 999 1085 1054 est

70 1086 241 1143 maternum
268 1074 394 1158 metum,
422 1087 453 1142 et
479 1084 571 1142 maris
598 1084 700 1142 domui
726 1086 846 1142 nostiae
867 1085 945 1143 male
971 1085 1083 1160 expeiti

35 1173 238 1250 opericulum
256 1173 390 1246 credidit,
412 1175 530 1248 timens,
553 1191 598 1247 ne,
621 1173 647 1231 si
665 1173 722 1231 tibi
739 1193 799 1232 non
817 1174 974 1250 paruisset,
996 1193 1083 1235 nemo

71 1282 132 1322 non
154 1280 208 1321 vos
230 1264 365 1338 putasset
387 1261 553 1321 conludere.
591 1263 722 1320 ceterum
744 1281 791 1320 me
813 1265 933 1338 poterat
955 1283 1015 1322 non
1037 1283 1083 1322 re-

70 1350 196 1427 dimere,
224 1370 291 1410 cum
316 1354 353 1409 tu
379 1351 536 1410 clamares:
569 1345 667 1409 ‘caeca
695 1369 775 1418 sum,
809 1351 908 1410 oculos
936 1351 1082 1411 desiderio

69 1440 130 1499 viri
155 1439 287 1516 perdidi,
314 1440 505 1499 solitudinem
531 1440 608 1498 ferre
631 1458 690 1497 non
714 1435 855 1515 possum?
901 1441 946 1499 ita
967 1441 1020 1498 ille
1043 1442 1082 1498 ad

68 1528 306 1604 redemptionem
336 1548 434 1588 ineam
465 1529 633 1587 excusatius
669 1529 819 1602 profectus
852 1531 941 1603 esset,
978 1531 1004 1587 si
1035 1549 1082 1588 me

33 1618 169 1683 siminus
191 1615 407 1677 desiderasses?
443 1616 638 1690 dubitabitur,
661 1635 700 1675 an
722 1619 776 1674 tus
794 1636 883 1676 caiisa
905 1615 1029 1676 fecerit?
1052 1621 1083 1677 et

68 1706 168 1765 filium
190 1708 221 1766 et
241 1707 339 1766 virum
365 1706 474 1765 habere
497 1726 557 1765 non
583 1709 710 1782 poteras.
756 1706 886 1765 reddidit
912 1706 969 1764 tibi
992 1727 1082 1782 quem

68 1795 167 1874 magis
190 1795 319 1854 amabas.
356 1796 428 1854 siste
449 1798 512 1853 iam
527 1795 683 1867 lacrimas,
713 1796 855 1854 maritum
877 1795 1014 1854 reducem
1036 1797 1081 1854 in-

69 1884 217 1944 columem
239 1885 346 1960 accipe.
383 1885 455 1959 quid
477 1882 633 1943 irasceris?
670 1903 745 1959 quae
763 1887 850 1943 tants
867 1887 994 1944 mutatio
1014 1883 1085 1944 est?-

69 1973 137 2050 qnis
159 1973 217 2032 hoc
239 1971 390 2033 crederet?
436 1975 567 2048 quereris
590 1973 757 2032 discessisse
781 1993 869 2048 quem
892 1974 991 2049 odisti,
1014 1993 1082 2033 cum

32 2076 138 2122 neuin
165 2062 242 2121 nolis
264 2063 375 2120 redisse
399 2081 487 2137 quem
509 2062 617 2139 diligis.
656 2064 761 2138 atquin
785 2063 819 2137 si,
841 2065 878 2121 ut
901 2081 990 2139 supra
1012 2084 1081 2139 pro-

68 2151 220 2225 bavimus,
245 2152 272 2209 is
294 2154 433 2227 parentes
455 2154 487 2209 in
511 2150 681 2210 calamitate
705 2151 813 2209 deserit
836 2152 888 2226 qui
911 2171 998 2228 opem
1020 2172 1079 2211 non

67 2240 141 2315 fert,
169 2242 212 2315 et,
239 2242 275 2298 ut
296 2259 374 2298 nunc
397 2240 597 2314 ostendemus,
625 2240 755 2315 optimus
777 2240 858 2300 filius
881 2260 1002 2317 corpore
1025 2261 1079 2301 suo

68 2329 221 2388 adiutoria
243 2330 334 2388 matii
355 2329 494 2403 redemit,
517 2329 649 2404 profecto
673 2347 760 2405 opem
782 2329 867 2404 tulit,
889 2331 921 2387 id
944 2333 997 2404 est,
1020 2350 1080 2389 non

68 2418 208 2478 deseruit.
245 2436 315 2476 nam
334 2419 368 2493 si,
386 2422 422 2476 ut
440 2421 509 2476 ante
523 2418 593 2492 dixi,
613 2419 639 2476 si
652 2437 689 2476 ne
704 2419 831 2495 vestigio
850 2419 970 2493 quidem
984 2419 1079 2477 abisse

32 2526 87 2567 sia
109 2506 226 2565 miseris
248 2507 327 2581 licet,
349 2525 386 2564 ne
409 2507 542 2582 ipsorum
565 2507 685 2582 quidem
708 2525 797 2566 causa
816 2508 868 2582 qui
892 2507 1078 2581 adiuvantur,

38 2654 44 2665 ,
68 2594 217 2656 discedere
239 2596 286 2654 las
309 2596 374 2669 erit,
396 2616 433 2653 ne
456 2596 537 2655 cibos
560 2596 666 2654 saltem
688 2598 788 2671 petere
812 2599 864 2654 eut
891 2596 952 2654 alia
974 2595 1078 2654 usibus

68 2684 235 2744 necessaria
256 2703 361 2761 parare
386 2685 544 2762 continget.
591 2685 617 2743 si
639 2703 723 2760 vero,
750 2686 821 2743 dum
843 2685 1003 2743 adiuvatur
1024 2703 1078 2760 pa·

139 2907 238 2977 tplus
256 2925 307 2962 om.
323 2916 350 2959 ι·
400 2871 459 2961 fdre
472 2917 499 2960 Β
553 2908 784 2973 tcaecitatatem
802 2917 823 2959 V
873 2909 935 2961 tte
949 2908 1043 2976 potuit
1061 2918 1083 2960 V

69 2981 228 3033 lnostram
243 2987 283 3045 133
306 2979 401 3032 nostra
424 2988 445 3030 V
513 2978 673 3048 experitis
743 2984 776 3032 10
800 2979 843 3048 si}
864 2981 887 3048 (t
904 2979 1012 3033 videtur
1029 2983 1077 3049 er.)

69 3058 101 3103 Ι
129 3094 132 3099 .
169 3067 225 3103 non
246 3066 298 3105 om.
311 3052 371 3103 ΒΜ
391 3051 433 3120 (tri
451 3067 549 3120 muru:
569 3049 599 3102 in
618 3049 674 3104 alio
695 3050 815 3104 habetur
834 3066 870 3103 ne
896 3050 919 3102 si
942 3048 1008 3103 tibi'
1021 3068 1077 3105 non

67 3121 209 3190 psruieset
225 3121 280 3190 m),
298 3136 334 3174 ne
352 3121 408 3174 nisi
426 3120 480 3174 tibi
498 3121 640 3190 paruisset
657 3123 734 3176 Dese.
800 3126 833 3174 13
853 3121 1042 3175 solutudinem
1059 3132 1082 3174 V

69 3197 102 3247 it
120 3192 225 3247 minus:
243 3191 343 3245 minim
359 3201 395 3256 Β,
413 3202 514 3247 eorm
578 3192 723 3246 dubitatur
742 3205 762 3244 o
822 3208 859 3245 an
876 3193 907 3245 id
925 3193 976 3246 tua
994 3202 1027 3246 Β

69 3267 102 3318 18
119 3263 259 3333 mutqatio
277 3273 299 3316 V
361 3268 395 3316 20
414 3263 525 3332 atquin.
545 3265 607 3332 atq,
621 3273 659 3331 Β;
679 3265 731 3332 atq
748 3272 779 3316 M
835 3264 859 3316 si
877 3265 923 3317 ut:
943 3264 1016 3318 sicut
1034 3273 1075 3331 M,

68 3319 197 3391 οἰοιι,(ἰ
257 3340 289 3388 21
309 3333 398 3388 hisV
456 3334 668 3389 23redimit13
727 3341 760 3389 24
779 3335 869 3389 sine
888 3352 923 3389 ne
942 3344 1008 3399 Μβι

67 3405 310 3473 assumserim
364 3405 424 3475 qui:
444 3405 511 3473 quia
528 3415 557 3460 Β
627 3406 838 3461 redimeres!
893 3423 928 3460 ne
946 3406 1022 3459 cibos
1046 3416 1075 3462 V.

67 3512 134 3582 uegi
150 3512 204 3567 hoc
220 3521 260 3579 Β,
279 3508 331 3566 nso
349 3512 426 3566 cibos
445 3521 533 3577 Meo
556 3481 628 3582 pedss
645 3523 672 3566 Β
730 3519 762 3567 21
783 3514 928 3619 continget
944 3525 990 3575 ro:
1010 3529 1076 3566 con-

67 3583 161 3655 tingat
178 3605 209 3636 a·
202 3582 400 3654 ,confingits

120 3681 305 3732 timum
287 3693 491 3728 summersis
507 3688 543 3730 ed
555 3688 638 3730 Lehn
622 3701 676 3732 nre
681 3695 699 3734 t.
920 3679 940 3726 b
