2430 3952
116 182 180 247 146
425 182 556 240 Guium
574 185 817 240 assemanus

573 563 671 641 VHI.

355 723 530 796 GEMINI
557 724 892 798 LANGVENTES.

115 919 246 996 Gemini,
272 921 379 997 quibus
403 924 468 981 erat
490 924 586 981 mater
609 924 640 981 et
661 925 757 999 pater,
781 925 935 1002 aegrotare
959 928 1129 1000 coeperunt.

159 1011 286 1071 consulti
313 1009 421 1069 medici
449 1011 587 1070 dixerunt
610 1012 735 1071 eundem
761 1031 823 1072 esse
850 1013 1032 1091 languorem.
1080 1012 1129 1074 de-

158 1098 346 1176 sperantibus
360 1100 483 1176 reliquis
501 1101 641 1176 promisit
659 1121 734 1161 unus
753 1121 783 1161 se
798 1101 926 1161 alterurn
944 1104 1129 1179 sanaturum,
1158 1128 1171 1167 e

158 1190 184 1247 si
202 1189 325 1248 alterius
343 1189 451 1247 vitalia
469 1191 653 1266 inspexisset.
690 1193 882 1266 permittente
904 1193 990 1267 patre
1014 1195 1131 1251 exeeuit

157 1278 304 1336 infantem
341 1279 371 1336 et
407 1280 514 1338 vitalia
549 1281 688 1356 inspexit.
734 1283 838 1339 sanato
876 1300 934 1339 uno
972 1283 1131 1341 accusatur

156 1369 244 1443 pater
266 1366 304 1426 ab
328 1387 418 1426 uxore
441 1370 539 1428 malae
563 1370 763 1430 tractationis.

77 1567 94 1621 1
182 1559 337 1637 Quamvis,
364 1564 490 1638 iudices,
517 1566 681 1642 plurimum
703 1566 925 1624 infelicissimae
948 1566 1053 1624 matris
1077 1565 1129 1624 ad-

113 1654 206 1711 versis
229 1653 430 1714 miserationis
454 1654 611 1714 abstulerit
635 1654 714 1731 quod
737 1674 772 1713 ex
795 1653 909 1713 duobus
936 1652 1038 1713 liberis
1061 1657 1130 1730 pari
1144 1679 1171 1718 ro

112 1740 319 1818 desperatione
341 1743 552 1820 languentibus
576 1745 653 1802 alter
675 1744 783 1817 evasit,
810 1745 840 1801 et
861 1743 1011 1818 plerisque
1034 1745 1129 1801 maxi-

113 1850 195 1889 mum
218 1829 350 1889 dolorem
372 1833 470 1907 prima
494 1833 592 1891 fronte
615 1832 814 1891 tractantibus
837 1831 975 1890 rideatur
998 1832 1128 1892 aviditas

113 1920 304 1998 gaudiorum,
332 1922 367 1978 ut
393 1920 481 1979 modo
509 1922 548 1979 ad
574 1922 667 1980 totius
696 1920 834 1980 orbitatis
861 1921 982 1980 redacta
1011 1922 1127 1997 patien-

112 2009 188 2066 tiam
217 2009 278 2067 iam
306 2028 366 2067 non
394 2011 434 2068 sit
463 2012 551 2069 unius
579 2010 675 2069 salute
703 2012 856 2084 contenta,
884 2030 944 2068 non
971 2030 1127 2088 possumus

112 2099 214 2155 temen
241 2097 407 2157 adfectibus
439 2099 545 2158 vestris
578 2117 637 2157 non
668 2099 746 2158 hanc
777 2102 906 2175 primam
937 2101 1128 2159 tristissimae
1143 2123 1170 2164 15

113 2186 294 2246 calamitatis
318 2187 448 2263 allegare
475 2207 658 2261 mensuram,
686 2208 763 2263 quae
786 2208 820 2247 ex
847 2190 913 2264 ipsa
937 2208 1054 2264 quoque
1082 2208 1127 2248 so-

112 2276 183 2335 lacii
210 2276 257 2334 sui
284 2275 456 2334 condicione
479 2276 637 2337 descendit.
684 2279 782 2336 minus
814 2279 922 2336 misera
955 2280 1129 2352 quereretur

114 2365 149 2423 de
172 2366 290 2438 marito,
314 2367 340 2424 si
363 2366 462 2423 sanari
485 2385 538 2424 nec
561 2366 613 2424 ille
635 2368 791 2442 potuisset,
814 2386 868 2442 pro
889 2385 947 2442 quo
966 2368 1011 2425 est
1034 2367 1128 2426 frater

114 2456 234 2515 occisus.
271 2472 350 2513 nunc
367 2454 472 2512 infelix
494 2473 550 2530 par
568 2474 628 2513 non
647 2458 691 2515 est
710 2455 815 2529 dolori,
838 2475 916 2514 nunc
934 2475 993 2513 nou
1011 2458 1128 2514 invenit

114 2543 178 2604 ulla
191 2543 310 2619 solacia,
329 2562 365 2603 ex
383 2562 441 2620 quo
461 2544 518 2604 sibi
536 2544 655 2603 videtur
673 2544 768 2603 filium
786 2545 949 2620 perdidisse
967 2546 1126 2605 victurum.
1142 2568 1169 2607 ro

114 2653 202 2710 super
233 2634 454 2709 impatientiam
484 2633 673 2693 tristissimae
704 2634 843 2693 orbitatis
875 2635 1015 2692 increscit
1047 2635 1126 2709 quod

113 2723 262 2781 intellexit
289 2722 376 2781 illum
402 2740 461 2780 non
490 2722 553 2781 sine
581 2724 711 2780 sanitate
738 2724 829 2781 fuisse
856 2724 1043 2800 languorem,
1072 2741 1127 2781 nec

112 2809 284 2889 persuaderi
312 2813 437 2870 miserae
459 2812 558 2886 potest
579 2813 713 2886 perituro
737 2811 886 2871 laborasse
909 2813 986 2886 fato,
1011 2813 1125 2885 inquo

113 2900 268 2959 inventum
291 2902 337 2959 est
360 2899 440 2976 quod
461 2901 580 2960 sanaret
603 2900 704 2959 alium.
743 2903 843 2978 captet
865 2902 936 2959 licet
959 2899 1126 2960 crudelissi-

185 3058 200 3105 8
224 3050 329 3119 gemini
352 3049 517 3134 languentes
540 3050 641 3121 quibus
664 3061 686 3104 V
736 3053 816 3105 erant
833 3061 862 3105 Β
932 3057 947 3106 o
972 3061 1126 3120 seom.13;

109 3127 174 3195 post
192 3121 312 3177 altorum
330 3123 472 3178 collocavit
488 3130 521 3177 Β
606 3128 623 3177 8
644 3130 708 3194 port
730 3123 907 3176 tractationis
931 3124 996 3178 add.
1012 3132 1045 3177 Μ
1064 3123 1125 3176 EX·

112 3210 228 3265 ruem
247 3209 323 3264 aue
335 3194 410 3266 iou
428 3211 485 3266 um
500 3209 630 3267 cauno
647 3195 835 3265 aramme
859 3213 965 3283 (meaa)
989 3214 1021 3266 a
1039 3230 1125 3285 mara.

113 3298 199 3339 causa
217 3280 300 3337 vnn.
375 3281 542 3348 Quintiliani
560 3281 729 3338 declamatio
748 3284 844 3353 (maio
857 3284 975 3352 palma)
994 3293 1022 3337 Ρ

185 3354 351 3410 bodversus
370 3363 404 3407 Μ
472 3354 594 3410 adversis
613 3355 643 3408 in
660 3353 849 3408 miserationis
868 3363 895 3406 Β
967 3360 1000 3408 18
1020 3356 1126 3409 atotius

114 3429 172 3496 (sto
186 3427 217 3481 ia
230 3429 331 3494 roan)
376 3425 493 3481 reducta
506 3426 646 3497 patientia
660 3435 692 3480 Β
740 3431 773 3480 14
786 3442 919 3495 posumus
932 3434 961 3478 Β
1011 3432 1043 3480 16
1063 3427 1127 3480 alli-

113 3514 181 3567 gare
200 3497 220 3568 (i
237 3499 268 3551 ia
281 3514 335 3552 raa
348 3499 384 3565 Β)
458 3498 737 3568 1'1minuseupr.u
807 3502 839 3550 19
859 3496 966 3550 occisus
986 3500 1029 3551 est
1047 3507 1075 3551 Ρ

112 3587 187 3625 nuuc
206 3585 261 3625 uon
279 3566 378 3623 infelix
396 3577 425 3621 Β
477 3575 511 3624 20
529 3569 667 3625 victurum
685 3571 728 3623 est
746 3578 773 3622 Ρ
825 3575 858 3623 22
879 3567 1021 3638 intellegit
1044 3580 1127 3634 raom
