2430 3952
311 222 544 278 DECLAMATIO
563 224 601 276 ΠΙ
616 229 647 277 19
668 223 719 276 ΠΡ
735 229 811 276 1-2.
1026 223 1068 286 59

58 395 130 462 iicet,
154 394 221 452 libet
243 393 375 467 betepere.
413 398 555 466 quautam
571 410 695 466 possum
716 394 811 465 ipsius
833 394 896 452 calo
920 393 1069 452 oleuuabare

57 484 218 542 memiacia.
264 483 341 541 uuae
363 484 414 541 bac
437 483 474 540 ab
498 483 649 557 affectibus
671 485 773 540 restris
791 486 867 555 peto,
889 483 941 542 boc
958 485 1068 555 specia-

58 573 124 631 liter
146 573 270 630 obtinere
292 571 437 640 desidero,
464 590 500 630 ue
523 573 690 645 mrpissuuo
718 572 805 630 militi
825 588 883 630 sua
904 574 1002 644 prosit
1022 574 1068 630 iu-

57 663 179 735 iquitas,
208 677 244 719 ue
274 662 310 719 ab
340 662 428 719 buius
457 661 587 719 utubiota
615 662 721 734 tlapitii
753 663 885 719 crimiuis
914 678 979 719 eum
1008 662 1068 732 picti

31 773 43 812 5
53 754 188 824 protopat
210 753 236 808 et
257 754 369 808 accuset
388 749 512 808 iuoiabia.
557 751 640 808 miles
661 752 758 808 iratus
782 753 807 808 et
830 750 970 817 iusoleus,
998 750 1068 807 dum

58 840 246 898 tribuniciam
264 855 323 896 uou
342 843 383 896 est
399 840 508 897 ueritus
527 839 705 912 dipuitatem,
723 841 929 911 sempiteruum
946 840 1069 897 iucussit

56 930 267 1001 improperium
280 927 442 1001 paludatis.
479 945 547 986 sera
565 928 681 1001 querela
695 945 769 1000 quae
786 928 867 986 uullo
885 929 1068 1001 suffrapatur

21 1087 23 1090 Α
56 1019 203 1090 oppressis
225 1017 366 1088 remedia·
389 1020 415 1074 et
435 1021 532 1074 tameu
555 1017 706 1089 atilipeuter
728 1017 872 1091 apeudam
895 1034 954 1075 esse
976 1016 1068 1075 libera

56 1122 122 1164 uoce
144 1107 318 1180 praumato,
343 1123 400 1178 per
429 1124 518 1178 quam
543 1108 677 1164 uiuorum
703 1107 794 1164 sabuti
821 1105 990 1174 causabitur,
1015 1123 1068 1177 per

13 1219 42 1258 10
57 1213 146 1268 quam
172 1196 321 1253 securitati
351 1197 577 1268 mapistratuum
602 1195 783 1266 propicietur.
827 1195 874 1253 berc
901 1213 921 1253 a
945 1197 1068 1253 mortuis

51 1287 235 1357 peremptum
257 1301 316 1341 uou
338 1287 464 1352 reuocat,
491 1284 542 1342 sea
559 1284 726 1357 perimeueli
743 1284 891 1359 praecibit
913 1285 1068 1351 liceutiam,

56 1373 128 1430 dum
145 1373 355 1445 perimeutibus
372 1389 501 1444 paeuam
524 1373 620 1431 dietat.
660 1374 712 1430 boc
735 1373 775 1431 aa
799 1371 910 1431 Gaium
932 1374 1068 1431 Marium

56 1462 117 1519 loco
130 1465 313 1534 praeseutem
331 1464 430 1529 seutia,
452 1462 571 1529 tuatees,
595 1463 735 1520 aetiouem
752 1461 918 1534 plurimum
941 1465 1068 1534 oportere

57 1552 191 1618 comperti,
213 1554 253 1619 ut,
277 1551 348 1608 aum
370 1551 491 1608 babetur
512 1567 605 1608 sermo
629 1550 663 1608 de
685 1550 804 1623 lapibus,
827 1551 982 1622 adipsum
1000 1567 1068 1622 per-

13 1662 41 1702 15
56 1639 195 1697 soualiter
216 1639 370 1714 diripatur,
394 1639 475 1712 apua
493 1657 576 1712 quem
594 1639 688 1713 ispum
707 1643 748 1697 est
764 1640 920 1711 specialius
939 1638 1069 1712 aelepata

56 1728 197 1787 custodia.

123 1817 211 1876 Nuus
232 1818 332 1890 ipitur,
357 1816 417 1876 Gai
439 1817 537 1885 Mari,
562 1817 623 1875 auu
644 1819 828 1876 iuoictissimi
849 1818 978 1874 uomiuis
1000 1817 1066 1874 buo
1085 1818 1103 1872 2

55 1910 138 1965 tuus
155 1910 184 1964 et
204 1907 320 1964 uirtutis
339 1924 422 1978 quem
440 1906 481 1964 aa
498 1906 636 1964 ducatum
654 1907 741 1964 bertus
760 1909 899 1965 causitus
916 1905 1069 1964 Romauae

53 1997 209 2069 prauitatis
229 2025 270 2035 -
289 1997 481 2055 sanctissimis
503 1996 626 2054 auribus
648 1997 707 2054 tuis
729 1997 818 2053 boues
835 1997 875 2054 sit
890 1995 1006 2053 babitus
1027 2024 1066 2034 -—

11 2107 41 2147 eo
56 2088 83 2142 et
105 2083 187 2157 eiepit
213 2087 239 2142 et
259 2086 404 2157 praefecit
426 2084 601 2156 prudeutio,
627 2103 718 2152 uuus,
745 2087 880 2157 iuquam,
905 2087 994 2142 totum
1016 2084 1069 2142 tibi

55 2176 189 2231 seuatum
207 2175 300 2246 cupita
317 2174 537 2246 supplicautem,
559 2192 638 2232 uuuc
655 2176 787 2247 repiuam
809 2177 834 2232 et
852 2176 940 2247 eaput
956 2173 1069 2240 murat,

56 2263 183 2320 Romam
205 2263 291 2334 quasi
318 2265 376 2321 tm's
400 2263 522 2337 peuibus
550 2263 718 2320 aobuolutam
746 2263 910 2330 considera,
937 2280 973 2320 ue
999 2263 1069 2337 lepis

58 2353 119 2409 eius
149 2353 274 2424 riperem
303 2351 446 2419 cumilias,
475 2369 511 2409 uc
537 2353 682 2410 sustiueas
711 2353 874 2410 temerariis
900 2353 1069 2425 iniquorum

58 2440 180 2498 ausibus
208 2440 359 2510 iurirmari
388 2440 465 2513 quoa
493 2440 530 2498 ab
563 2443 692 2513 autiquis
721 2443 788 2513 ipsa
817 2441 992 2512 temporibus
1021 2456 1069 2497 sa·

15 2550 43 2590 es
52 2529 168 2601 pieuter
190 2532 216 2587 et
236 2530 348 2587 tumuit
369 2533 396 2588 et
416 2531 525 2588 statuit.
570 2530 605 2587 ete
627 2529 687 2603 iepc
710 2530 796 2588 seua
819 2533 859 2588 est
884 2528 1069 2587 statueuaum

130 2704 143 2750 1
165 2677 280 2768 deigere
294 2707 326 2751 M
377 2704 394 2750 2
412 2697 487 2750 unde
501 2696 554 2750 hoc
568 2706 610 2764 113
624 2697 678 2750 hoc
695 2697 819 2770 unde[o;
838 2697 891 2750 hoe
905 2713 992 2750 unum
1006 2703 1038 2749 N

56 2822 156 2875 vestris
182 2839 231 2876 om.
253 2830 294 2888 M,
321 2821 384 2874 aciat.
403 2843 435 2873 m
507 2827 523 2874 5
549 2771 804 2892 natusitinsolens
824 2830 865 2889 M,
892 2822 920 2874 et
944 2839 1019 2891 supr.
1039 2842 1069 2873 m

57 2899 72 2946 ‘1
92 2891 294 2962 improperium
311 2891 386 2947 Obr.:
401 2893 550 2960 imperium
564 2902 629 2959 ²¹¹⁰?
648 2892 818 2962 impropium
833 2900 866 2945 N
867 2915 873 2960 3
888 2892 1068 2962 opprobrium

56 2966 140 3019 codex
161 2964 349 3019 Gibsouiauus
420 2963 575 3033 polludatis
595 2971 631 3032 N,
649 2963 805 3033 palludetis
826 2966 858 3017 iu
875 2982 960 3035 marp.
977 2984 998 3014 n

57 3054 176 3159 que{ele
194 3097 227 3142 M
295 3091 438 3143 ttamen:
459 3106 521 3143 cum
540 3096 574 3142 N
636 3089 776 3159 egendum
794 3096 828 3142 N
886 3104 946 3141 esse
964 3105 1014 3143 om.
1032 3096 1069 3152 ol,

57 3230 134 3281 supr.
148 3234 180 3264 m
253 3217 285 3265 11
305 3211 462 3266 libentium:
476 3176 558 3282 11]ἱὲ
572 3231 635 3268 cum
654 3220 687 3265 N
754 3218 786 3265 12
807 3229 823 3266 c
843 3221 883 3280 Μ,
903 3229 970 3267 carr.
985 3233 1017 3263 m

59 3289 92 3336 13
111 3283 262 3338 actionem:
288 3284 476 3338 accusationis
498 3284 559 3339 Obr.
631 3290 649 3339 4
672 3283 868 3352 personaliter:
890 3282 1070 3352 peculiariter

61 3355 177 3420 Gibsou3
201 3354 409 3423 particulariter
433 3356 496 3411 Obr.
588 3359 620 3410 15
646 3354 790 3424 derigatur
814 3363 857 3421 Μ,
881 3371 948 3409 carr.
967 3375 999 3405 m

58 3425 192 3494 delegata
205 3436 242 3493 M,
262 3443 330 3482 corr.
344 3448 376 3479 m
431 3432 463 3480 17
483 3425 599 3480 hucteus
616 3436 637 3478 o
688 3433 721 3482 18
740 3426 895 3480 Romanae:
915 3425 1024 3479 ratione
1043 3431 1075 3476 Ν

59 3537 92 3585 19
116 3533 203 3584 honos
226 3549 276 3588 om.
291 3538 325 3586 Ν
342 3534 454 3603 (lacuna
473 3537 491 3586 6
508 3534 549 3586 uel
569 3535 586 3586 7
605 3532 666 3602 litt.)
739 3538 773 3586 20
796 3549 882 3586 nunc:
908 3515 946 3585 nb
968 3539 1000 3584 Ν

58 3609 92 3656 23
112 3602 270 3658 substineat
290 3610 323 3657 N
388 3609 423 3658 24
442 3603 529 3672 quod:
549 3619 574 3672 q>
593 3613 627 3671 a,
646 3620 714 3659 corr.
729 3622 804 3658 uiau.
820 3608 836 3658 2
