2430 3952
465 198 681 254 celarium.
1004 161 1082 254 xvn

61 368 178 429 duobus
201 368 311 428 omissa
337 367 415 426 sunt.
457 369 488 425 in
513 371 535 426 S
559 367 745 426 desideratur
773 368 888 444 aliquid
911 388 934 427 e.
954 390 982 447 g.
1000 389 1030 444 p.
1052 373 1080 443 7,

63 463 111 518 11.
134 460 162 532 7,
183 460 233 517 24.
254 458 283 533 8,
299 459 327 516 6.
348 459 400 531 27,
416 460 468 532 15,
487 476 555 515 cum
573 457 605 514 in
624 461 650 515 P
668 458 796 535 legatur,
816 461 920 516 contra
938 457 1029 517 verba
1047 460 1080 516 in

60 553 83 608 S
111 548 232 607 servata
260 546 432 605 exciderunt
459 548 491 604 in
518 550 544 604 P
568 565 592 604 e.
616 567 643 623 g.
663 567 691 622 p.
712 548 764 620 27,
785 549 835 606 15.
861 547 934 620 248,
959 548 1010 605 24.
1056 553 1079 607 8

59 640 161 696 autem
192 654 254 695 esse
283 637 391 694 testem
419 636 512 711 paulo
544 635 770 710 locupletiorem
804 655 896 711 quam
926 641 952 695 P
982 636 1081 695 elucet

57 727 128 785 inde
163 724 245 801 quod
278 743 338 783 non
375 725 471 784 solum
501 722 577 782 liber
611 728 657 782 est
687 744 704 782 a
734 725 838 783 multis
872 725 934 783 illis
964 726 1079 786 mendis

58 815 170 874 vilibus
194 814 301 889 quibus
319 818 347 872 P
364 815 540 888 inquinatus
564 817 618 886 est,
641 813 803 872 sedetiam
827 814 915 889 quod,
939 814 991 872 ubi
1010 834 1079 889 pro·

57 907 157 980 priam
179 903 338 962 lectionem
360 903 493 978 praebet,
516 902 634 978 saepius
657 903 806 961 consentit
829 922 895 961 cum
919 926 945 960 α.

125 993 216 1051 Ratio
248 1010 317 1050 vero
346 1011 423 1068 quae
454 994 534 1050 inter
561 992 677 1050 codices
705 992 839 1050 familiae
866 1015 886 1049 α
913 993 1079 1051 intercedat

56 1084 103 1141 est
121 1083 208 1140 haec:
230 1083 266 1140 ut
288 1083 351 1138 iam
370 1100 460 1157 supra
479 1080 657 1154 monuimus,
681 1081 773 1140 codex
791 1086 822 1140 V
840 1080 966 1139 debetur
987 1082 1077 1140 libra-

56 1172 110 1231 riis
135 1171 272 1229 doctrina
295 1173 386 1245 atque
412 1170 579 1229 eruditione
602 1170 671 1245 plus
698 1190 789 1246 quam
811 1170 1002 1229 mediocriter
1023 1171 1077 1228 im·

56 1259 138 1320 butis
161 1261 214 1336 qui
242 1278 426 1334 quamquam
452 1279 538 1318 suum
567 1277 630 1318 esse
656 1260 867 1318 intellexerant
892 1259 1006 1318 tradita
1028 1261 1078 1336 pie

56 1352 149 1425 atque
171 1349 310 1425 religiose
338 1367 469 1423 servare,
498 1350 601 1407 tamen
627 1347 735 1407 menda
765 1348 872 1423 quibus
895 1351 1010 1407 textum
1032 1351 1077 1406 in-

55 1439 217 1514 quinatum
247 1440 436 1512 invenerant,
468 1456 635 1516 propagare
666 1438 827 1496 noluerunt
861 1456 920 1512 quo
953 1438 1077 1496 consilio

58 1527 143 1586 ducti
164 1528 275 1586 multos
295 1526 415 1602 quidem
434 1545 547 1586 errores
570 1529 769 1600 correxerunt,
793 1527 854 1585 alia
877 1529 986 1601 autem,
1010 1546 1078 1584 cum

58 1617 214 1676 nonsatis
241 1615 372 1675 indolem
398 1619 488 1691 atque
516 1618 656 1674 naturam
688 1616 803 1693 generis
836 1615 954 1674 dicendi
980 1615 1077 1674 decla-

57 1707 224 1764 mationum
246 1707 363 1781 proprii
386 1707 613 1780 perspexissent,
637 1704 774 1780 perducti
796 1705 873 1764 falso
897 1705 1077 1775 Quintiliani

56 1795 189 1869 nomine,
212 1796 247 1852 ut
269 1795 397 1868 videtur,
420 1794 460 1853 ad
482 1813 617 1853 normam
641 1794 832 1871 elegantioris
855 1793 998 1852 sermonis
1020 1797 1076 1851 im-

56 1886 256 1942 mutaverunt.

123 1972 419 2048 Montepessulanum
434 1974 533 2030 autem
553 1973 702 2029 communi
717 1972 832 2049 origine
846 1972 892 2029 uti
905 1990 973 2030 cum
987 1972 1076 2029 Bam-

55 2062 193 2140 bergensi
211 2061 357 2137 probatur
374 2062 478 2119 multis
492 2061 669 2120 lectionibus
689 2080 765 2135 quae
785 2060 902 2119 duobus
915 2061 977 2120 illis
990 2061 1075 2120 libris

54 2151 158 2226 eisque
175 2151 246 2210 solis
262 2169 433 2209 communes
448 2144 554 2229 sunt.¹)
579 2169 646 2209 oum
659 2153 759 2208 autem
773 2151 821 2208 vir
833 2150 957 2225 quidam
971 2150 1075 2209 doctus

53 2240 124 2298 aliis
154 2238 304 2299 codicibus
327 2232 480 2317 adiutus')
511 2243 541 2297 et
571 2259 624 2298 suo
648 2239 783 2298 acumine
812 2241 844 2296 in
874 2239 1075 2298 emaculandis

55 2330 139 2386 uitiis
161 2329 255 2388 fretus
277 2330 394 2388 textum
420 2329 503 2387 illius
531 2329 721 2404 exemplaris,
749 2327 828 2385 unde
851 2333 887 2386 M
909 2328 1074 2403 descriptus

55 2420 103 2476 est
132 2420 307 2492 recenseret,
338 2418 501 2476 auctoritas
531 2417 640 2476 codicis
669 2417 861 2492 pessumdata
890 2420 948 2490 est,
977 2436 1075 2492 neque

57 2509 159 2563 tamen
173 2524 292 2580 prorsus
305 2507 423 2565 inutilis
437 2507 512 2564 milri
520 2506 648 2579 videtur,
662 2525 729 2565 cum
743 2506 919 2564 facultatem
932 2506 1076 2581 praebeat

56 2613 119 2652 una
128 2598 230 2652 cumB
241 2596 447 2671 perspiciendi,
462 2616 496 2654 ex
512 2597 595 2671 quali
610 2595 771 2672 archetypo
785 2595 902 2652 familia
916 2618 935 2653 u
949 2599 1016 2654 orta
1025 2595 1073 2653 sit.

124 2683 230 2742 Restat
247 2688 275 2742 B
291 2685 344 2760 qui
361 2704 457 2760 neque
476 2687 677 2743 recensionem
698 2703 803 2760 passus
822 2702 917 2758 neque
937 2703 955 2743 a
978 2685 1074 2744 doctis

52 2772 188 2831 librariis
211 2776 349 2833 exaratus
372 2777 425 2848 est,
449 2775 493 2832 ita
516 2776 553 2832 ut
574 2775 624 2832 vel
646 2773 714 2832 inde
738 2776 870 2832 conicere
892 2773 982 2832 liceat
1006 2794 1074 2831 eum

54 2863 202 2937 optimum
220 2881 283 2922 esse
301 2863 416 2922 fontem
434 2882 469 2921 ex
489 2882 547 2937 quo
569 2863 750 2920 hauriamus.
792 2880 889 2936 neque
909 2862 984 2920 haec
1006 2881 1073 2937 spes

52 2970 107 3010 nos
134 2951 251 3009 fefellit.
293 2971 363 3010 nam
389 2952 507 3010 librarii
533 2951 660 3026 indocti,
688 2970 871 3028 quamquam
900 2971 959 3026 quo
988 2954 1074 3010 erant

53 3042 175 3117 ingenio
202 3041 302 3115 tardo,
329 3043 425 3099 multa
453 3045 651 3117 peccaverunt
678 3042 833 3115 multaque
860 3041 967 3099 menda
997 3059 1072 3115 quae

50 3131 199 3207 corrigere
226 3129 404 3188 facillimum
427 3131 504 3204 erat,
532 3129 570 3188 ab
596 3130 759 3205 exemplari
785 3130 1017 3203 transtulerunt,
1041 3131 1073 3188 id

52 3218 132 3294 quod
155 3220 255 3293 ipsum
276 3218 358 3278 haud
385 3238 454 3278 raro
482 3220 644 3293 plurimum
672 3220 753 3277 valet
781 3219 818 3277 ad
847 3220 1002 3295 archetypi
1024 3239 1072 3278 ra-

125 3427 151 3494 1)
169 3424 244 3478 inter
266 3441 336 3506 quna
360 3423 446 3479 etiam
470 3440 549 3478 voces
573 3423 645 3478 falso
669 3424 836 3478 coniunctae
860 3428 888 3478 et
910 3423 1017 3478 formae
1036 3441 1071 3478 ex

50 3510 180 3550 sermone
197 3495 307 3566 vulgari
326 3499 464 3565 sumptae.

125 3569 152 3636 2)
170 3567 204 3621 ci
220 3586 247 3638 p.
262 3566 347 3622 XXIL

105 3665 262 3713 errrrnurr
274 3666 486 3710 Dronmrrom
501 3669 538 3711 ed
548 3669 690 3711 Lehnert.
901 3655 927 3706 l)
