2430 3952
96 207 172 260 XXX
496 205 710 260 PRAEFATIO.

95 378 223 452 paginae
246 377 381 451 margine
400 375 542 434 adnotum
562 378 607 434 est
626 374 649 443 Q
671 376 722 447 39,
745 376 823 433 unde
841 374 1007 435 Hammer
1025 378 1118 436 colle·

94 466 141 542 git
176 464 354 523 Vossianum
392 465 517 522 alteram
553 465 670 538 partem
711 465 866 523 cuiusdam
907 469 1118 541 excerptorum

95 554 278 613 collectionis
306 545 404 634 esse.¹)
448 573 464 610 a
492 571 583 611 manu
611 553 723 611 saeculi
745 552 829 628 XVI,
859 556 894 612 ut
918 553 1053 630 videtur,
1082 557 1117 615 in

93 644 228 720 margine
259 644 409 718 superiore
439 643 506 701 folii
531 646 546 701 1
573 643 743 718 appositum
771 642 894 720 legitur:
925 643 976 702 Ea
1000 643 1116 718 Quinti·

95 733 170 791 liunt
194 736 326 806 excerpto
347 736 380 790 ct
407 733 562 791 coicienda
585 736 627 791 cst
653 733 690 790 ob
713 731 865 791 Adelordo
888 737 941 791 oct
962 734 1022 793 olto
1046 753 1117 808 qao-

92 840 189 895 qaam.

162 813 259 969 Oddex
282 911 477 969 Bernensis
499 909 611 967 latinus
637 910 699 967 149
725 901 781 990 (B)
805 910 979 970 chartaceus
1001 913 1117 971 saeculi

92 1000 164 1058 XVI
182 1001 278 1059 forma
296 1002 428 1058 maxima
446 999 517 1057 olim
536 998 637 1057 Iacobi
656 998 851 1076 Bongarsii
872 1001 904 1058 in
929 1018 987 1074 quo
1010 1001 1116 1062 insunt

92 1088 253 1166 Bongarsii
280 1089 461 1147 collectanea
488 1087 617 1145 iuridioa
645 1088 760 1146 medica
785 1088 950 1164 alchymioa
978 1089 1115 1150 diversae

92 1181 123 1235 et
146 1179 270 1253 originis
294 1181 324 1235 et
347 1168 502 1257 aetatia³)‚
530 1177 675 1251 continet,
703 1179 738 1235 ut
760 1195 795 1236 ex
819 1176 982 1252 Calpurnio
1005 1179 1114 1239 Flacco

91 1268 136 1325 ita
151 1265 330 1335 Quintiliani
344 1285 463 1341 quoquc
477 1265 729 1325 declamationum
746 1270 892 1341 excerpta.
929 1286 997 1326 cum
1016 1287 1114 1328 exem-

90 1356 159 1431 plar
181 1374 288 1429 parum
312 1355 390 1413 clare
414 1359 504 1430 atque
528 1355 656 1413 dilucide
680 1359 835 1414 exaratum
858 1358 948 1430 esset,
971 1356 1114 1418 librarius

91 1446 144 1521 qui
167 1445 288 1523 linguae
311 1445 422 1504 latinae
450 1445 548 1502 minus
576 1444 689 1520 peritus
718 1448 795 1519 erat,
826 1445 1001 1521 compendia
1025 1465 1113 1521 quae·

91 1535 160 1593 dam
182 1552 339 1610 perperam
358 1533 511 1592 intellecta
534 1534 611 1592 falso
630 1535 846 1608 interpretatus
870 1537 922 1594 est.
965 1535 1114 1610 quaedam

91 1643 166 1699 quae
191 1623 319 1682 enodare
342 1643 401 1682 non
424 1625 532 1698 potuit,
555 1623 645 1698 plane
668 1623 770 1683 omisit
788 1624 832 1682 ita
854 1626 964 1698 tamen,
987 1628 1021 1682 ut
1044 1644 1114 1700 spa-

91 1714 168 1771 tium
192 1715 365 1788 suppleturo
388 1713 578 1786 relinqueret.

157 1802 259 1861 Etiam
287 1802 377 1862 codex
399 1801 601 1860 Vaticanus
629 1801 788 1877 Reginae
815 1803 912 1860 1428
938 1794 996 1883 (R)
1018 1822 1113 1862 mem·

89 1891 253 1950 branaceus
282 1892 393 1950 saeculi
415 1882 503 1970 XV4)
528 1893 573 1949 est
599 1890 815 1949 miscellaneus.
861 1891 937 1950 liber
964 1893 1016 1966 qui
1043 1911 1114 1952 con·

89 1982 167 2039 tinet
199 1980 341 2056 opuscula
374 1979 491 2038 diversa
523 1998 614 2054 quam
645 1981 774 2037 maxime
807 1983 836 2038 et
866 1982 1050 2057 argumentis
1082 1986 1114 2041 ct

88 2068 273 2144 temporibus
293 2067 400 2144 quibus
420 2070 485 2127 orta
504 2072 583 2143 sunt,
606 2069 730 2144 praebet
751 2072 888 2145 excerpta
906 2069 971 2127 loco
995 2071 1113 2130 octavo.

156 2158 234 2216 Usus
266 2176 332 2216 sum
361 2157 571 2216 collationibus
606 2158 766 2217 Dessaueri
802 2161 922 2233 praeter
951 2157 1112 2219 Beruensis

90 2266 178 2322 quem
200 2247 340 2305 Monachi
368 2248 465 2304 hieme
493 2249 564 2304 anni
592 2249 678 2306 1900
702 2248 823 2306 contuli.
866 2246 980 2306 codices
1009 2250 1112 2308 autem

90 2335 471 2395 Gaio-Gonvillensem
514 2355 587 2394 saec.
621 2330 771 2416 xllsxffl
811 2340 840 2395 et
873 2335 1112 2396 Oxonicnsem

88 2444 163 2485 saec.
183 2425 346 2503 xmsxlv
368 2445 427 2484 non
452 2426 587 2499 adhibui,
614 2445 682 2484 cum
705 2444 740 2484 ex
764 2428 806 2485 eis
830 2444 907 2500 quae
930 2424 1112 2486 Dessauer

88 2515 124 2573 de
147 2515 208 2573 illis
232 2517 379 2588 enotavit,
407 2515 586 2589 evinciatur,
612 2515 674 2574 illis
698 2533 776 2572 nova
806 2515 939 2573 subsidia
963 2515 1000 2573 ad
1023 2519 1111 2575 resti-

87 2605 229 2664 tuendam
252 2606 412 2681 genuinam
436 2604 593 2662 lectionem
616 2624 675 2662 non
698 2605 808 2679 parari.

154 2693 288 2751 Primum
306 2693 404 2751 locum
423 2695 505 2752 tenet
525 2693 688 2767 Parisinus,
712 2711 801 2767 quam
821 2693 858 2751 ob
882 2711 944 2751 rem
964 2695 1111 2769 excerptis

161 2865 186 2931 1)
206 2862 314 2932 cogitat
328 2861 362 2916 de
377 2862 556 2916 institutione
571 2863 694 2916 oratoria
708 2863 739 2915 id
753 2862 828 2932 quod
843 2880 943 2931 pamm
957 2863 1110 2917 verisimile

88 2950 149 2989 esse
167 2933 238 2987 mihi
256 2933 374 2987 videtur.

159 3009 185 3071 2)
205 3022 291 3073 quam
305 3005 495 3058 coniecturam
510 3005 666 3060 Hammer
684 3006 793 3074 probat¹
827 3004 999 3058 Dessauer
1013 3007 1108 3058 autern

86 3079 182 3130 monet
201 3093 313 3130 carmen
331 3076 403 3130 illud
423 3077 458 3130 de
476 3077 604 3130 trinitate
622 3077 743 3131 Parisini
762 3081 832 3130 4709
851 3076 933 3130 Petro
948 3076 1109 3131 Abaelardo

87 3147 123 3201 ab
143 3147 207 3201 aliis
225 3147 321 3212 tribui,
340 3148 414 3201 unde
429 3147 503 3201 effici
518 3150 611 3218 putat,
631 3166 695 3203 cum
709 3148 868 3202 Abaelardo
888 3147 1109 3202 declamationes

87 3236 156 3287 quaa
177 3219 289 3288 saepius
313 3218 426 3285 laudat,
451 3236 507 3272 non
531 3220 645 3290 ignotae
664 3220 782 3285 fuerint,
809 3236 873 3273 eum
899 3219 951 3272 illa
976 3222 1109 3289 excerpta

87 3291 222 3344 conflasse
267 3294 386 3358 uterque
405 3293 500 3344 autem
521 3291 582 3360 ipae
601 3293 676 3359 quod
695 3291 828 3360 protulit,
853 3309 915 3344 cum
940 3293 1109 3361 argumenta

87 3363 123 3417 ad
134 3362 319 3416 stabiliendas
334 3362 488 3416 sententias
502 3380 559 3416 non
573 3363 742 3427 sufficerent,
755 3379 807 3432 pro
818 3365 893 3416 certo
903 3380 959 3416 non
968 3361 1107 3418 vendidit

158 3437 184 3503 3)
203 3434 326 3487 indicem
344 3433 409 3487 vide
428 3436 504 3502 apud
522 3434 652 3504 Hagen,
673 3433 819 3505 catalogus
838 3434 967 3487 codicum
985 3434 1107 3488 Bernen-

87 3505 158 3558 sium
178 3507 269 3574 (1875)
288 3523 315 3573 p.
332 3511 391 3558 216.

158 3582 185 3644 4)
205 3576 239 3630 cf.
259 3575 441 3641 Dessauer,
459 3595 487 3646 p.
503 3582 544 3631 64.
