<?xml version="1.0" encoding="UTF-8"?>
<!DOCTYPE html PUBLIC "-//W3C//DTD XHTML 1.0 Transitional//EN"
    "http://www.w3.org/TR/xhtml1/DTD/xhtml1-transitional.dtd">
<html xmlns="http://www.w3.org/1999/xhtml" xml:lang="en" lang="en">
 <head>
  <title>
</title>
<meta http-equiv="Content-Type" content="text/html;charset=utf-8" />
  <meta name='ocr-system' content='tesseract 3.04.00' />
  <meta name='ocr-capabilities' content='ocr_page ocr_carea ocr_par ocr_line ocrx_word'/>
</head>
<body>
  <div class='ocr_page' id='page_1' title='image "./qvintilianiqvae00quingoog_0031.png"; bbox 0 0 2430 3952; ppageno 0'>
   <div class='ocr_carea' id='block_1_1' title="bbox 106 183 723 241">
    <p class='ocr_par' dir='ltr' id='par_1_1' title="bbox 106 183 723 241">
     <span class='ocr_line' id='line_1_1' title="bbox 106 183 723 241; baseline -0.006 0"><span class='ocrx_word' id='word_1_1' title='bbox 106 186 196 241; x_wconf 86' lang='lat' dir='ltr'>XXIV</span> <span class='ocrx_word' id='word_1_2' title='bbox 508 183 723 238; x_wconf 82' lang='lat' dir='ltr'><strong>PRAEFATIO.</strong></span> 
     </span>
    </p>
   </div>
   <div class='ocr_carea' id='block_1_2' title="bbox 55 342 1133 2841">
    <p class='ocr_par' dir='ltr' id='par_1_2' title="bbox 105 342 1133 699">
     <span class='ocr_line' id='line_1_2' title="bbox 167 342 1131 434; baseline -0.005 -19"><span class='ocrx_word' id='word_1_3' title='bbox 167 342 218 415; x_wconf 44' lang='lat' dir='ltr'>&#39;De</span> <span class='ocrx_word' id='word_1_4' title='bbox 232 374 331 434; x_wconf 83' lang='lat' dir='ltr'>grege</span> <span class='ocrx_word' id='word_1_5' title='bbox 354 353 488 412; x_wconf 89' lang='lat' dir='ltr'>codicum</span> <span class='ocrx_word' id='word_1_6' title='bbox 512 353 761 428; x_wconf 76' lang='lat' dir='ltr'>interpolatorum</span> <span class='ocrx_word' id='word_1_7' title='bbox 787 370 911 427; x_wconf 88' lang='lat' dir='ltr'>quorum</span> <span class='ocrx_word' id='word_1_8' title='bbox 936 345 1060 427; x_wconf 86' lang='lat' dir='ltr'><strong>plurimi</strong></span> <span class='ocrx_word' id='word_1_9' title='bbox 1086 352 1131 410; x_wconf 87' lang='lat' dir='ltr'>eis</span> 
     </span>
     <span class='ocr_line' id='line_1_3' title="bbox 105 440 1133 519; baseline -0.005 -16"><span class='ocrx_word' id='word_1_10' title='bbox 105 443 288 519; x_wconf 80' lang='lat' dir='ltr'>temporibus</span> <span class='ocrx_word' id='word_1_11' title='bbox 312 443 457 502; x_wconf 77' lang='lat' dir='ltr'>debentur</span> <span class='ocrx_word' id='word_1_12' title='bbox 484 441 591 518; x_wconf 90' lang='lat' dir='ltr'>quibus</span> <span class='ocrx_word' id='word_1_13' title='bbox 614 443 725 501; x_wconf 88' lang='lat' dir='ltr'>litteris</span> <span class='ocrx_word' id='word_1_14' title='bbox 747 440 860 500; x_wconf 84' lang='lat' dir='ltr'>renatis</span> <span class='ocrx_word' id='word_1_15' title='bbox 884 441 1016 500; x_wconf 90' lang='lat' dir='ltr'>omnium</span> <span class='ocrx_word' id='word_1_16' title='bbox 1039 440 1133 499; x_wconf 88' lang='lat' dir='ltr'>ardor</span> 
     </span>
     <span class='ocr_line' id='line_1_4' title="bbox 105 529 1133 609; baseline -0.004 -17"><span class='ocrx_word' id='word_1_17' title='bbox 105 535 196 609; x_wconf 88' lang='lat' dir='ltr'>atque</span> <span class='ocrx_word' id='word_1_18' title='bbox 207 533 323 592; x_wconf 90' lang='lat' dir='ltr'>animus</span> <span class='ocrx_word' id='word_1_19' title='bbox 334 532 372 591; x_wconf 92' lang='lat' dir='ltr'>ad</span> <span class='ocrx_word' id='word_1_20' title='bbox 382 532 480 592; x_wconf 88' lang='lat' dir='ltr'>studia</span> <span class='ocrx_word' id='word_1_21' title='bbox 489 531 665 590; x_wconf 91' lang='lat' dir='ltr'>humaniora</span> <span class='ocrx_word' id='word_1_22' title='bbox 675 529 913 605; x_wconf 81' lang='lat' dir='ltr'>convertebatur,</span> <span class='ocrx_word' id='word_1_23' title='bbox 924 530 960 590; x_wconf 90' lang='lat' dir='ltr'>cf.</span> <span class='ocrx_word' id='word_1_24' title='bbox 971 531 1133 605; x_wconf 86' lang='lat' dir='ltr'>Dessauer‚</span> 
     </span>
     <span class='ocr_line' id='line_1_5' title="bbox 106 614 291 699; baseline -0.011 0"><span class='ocrx_word' id='word_1_25' title='bbox 106 644 134 699; x_wconf 79' lang='lat' dir='ltr'>r·</span> <span class='ocrx_word' id='word_1_26' title='bbox 155 614 291 698; x_wconf 75' lang='lat' dir='ltr'>42sqn·¹</span> 
     </span>
    </p>

    <p class='ocr_par' dir='ltr' id='par_1_3' title="bbox 55 612 1132 1944">
     <span class='ocr_line' id='line_1_6' title="bbox 172 612 1132 787; baseline -0.002 -18"><span class='ocrx_word' id='word_1_27' title='bbox 172 612 338 787; x_wconf 63' lang='lat' dir='ltr'>Archetyipi</span> <span class='ocrx_word' id='word_1_28' title='bbox 360 710 612 769; x_wconf 78' lang='lat' dir='ltr'>declamationum</span> <span class='ocrx_word' id='word_1_29' title='bbox 635 709 733 784; x_wconf 90' lang='lat' dir='ltr'>qualis</span> <span class='ocrx_word' id='word_1_30' title='bbox 756 709 848 767; x_wconf 88' lang='lat' dir='ltr'>fuerit</span> <span class='ocrx_word' id='word_1_31' title='bbox 871 708 1000 783; x_wconf 89' lang='lat' dir='ltr'>indoles,</span> <span class='ocrx_word' id='word_1_32' title='bbox 1023 709 1132 783; x_wconf 86' lang='lat' dir='ltr'>paucis</span> 
     </span>
     <span class='ocr_line' id='line_1_7' title="bbox 105 797 1130 872; baseline -0.001 -14"><span class='ocrx_word' id='word_1_33' title='bbox 105 803 224 858; x_wconf 89' lang='lat' dir='ltr'>tantum</span> <span class='ocrx_word' id='word_1_34' title='bbox 247 801 390 858; x_wconf 87' lang='lat' dir='ltr'>hocloco</span> <span class='ocrx_word' id='word_1_35' title='bbox 414 799 591 858; x_wconf 88' lang='lat' dir='ltr'>adumbrare</span> <span class='ocrx_word' id='word_1_36' title='bbox 614 800 647 857; x_wconf 88' lang='lat' dir='ltr'>in</span> <span class='ocrx_word' id='word_1_37' title='bbox 670 801 770 856; x_wconf 89' lang='lat' dir='ltr'>animo</span> <span class='ocrx_word' id='word_1_38' title='bbox 794 799 848 872; x_wconf 86' lang='lat' dir='ltr'>est,</span> <span class='ocrx_word' id='word_1_39' title='bbox 873 818 910 856; x_wconf 92' lang='lat' dir='ltr'>ne</span> <span class='ocrx_word' id='word_1_40' title='bbox 933 797 1006 857; x_wconf 90' lang='lat' dir='ltr'>fines</span> <span class='ocrx_word' id='word_1_41' title='bbox 1030 799 1130 857; x_wconf 88' lang='lat' dir='ltr'>trans-</span> 
     </span>
     <span class='ocr_line' id='line_1_8' title="bbox 105 888 1129 966; baseline -0.004 -18"><span class='ocrx_word' id='word_1_42' title='bbox 105 889 223 966; x_wconf 87' lang='lat' dir='ltr'>grediar</span> <span class='ocrx_word' id='word_1_43' title='bbox 238 891 290 964; x_wconf 92' lang='lat' dir='ltr'>qui</span> <span class='ocrx_word' id='word_1_44' title='bbox 308 888 396 947; x_wconf 88' lang='lat' dir='ltr'>huius</span> <span class='ocrx_word' id='word_1_45' title='bbox 411 888 550 946; x_wconf 88' lang='lat' dir='ltr'>editionis</span> <span class='ocrx_word' id='word_1_46' title='bbox 566 888 746 964; x_wconf 90' lang='lat' dir='ltr'>praefationi</span> <span class='ocrx_word' id='word_1_47' title='bbox 764 889 899 962; x_wconf 85' lang='lat' dir='ltr'>impositi</span> <span class='ocrx_word' id='word_1_48' title='bbox 917 890 996 945; x_wconf 90' lang='lat' dir='ltr'>sunt.</span> <span class='ocrx_word' id='word_1_49' title='bbox 1034 888 1129 962; x_wconf 88' lang='lat' dir='ltr'>atque</span> 
     </span>
     <span class='ocr_line' id='line_1_9' title="bbox 104 976 1129 1053; baseline -0.003 -17"><span class='ocrx_word' id='word_1_50' title='bbox 104 979 234 1053; x_wconf 90' lang='lat' dir='ltr'>primum</span> <span class='ocrx_word' id='word_1_51' title='bbox 257 981 342 1053; x_wconf 90' lang='lat' dir='ltr'>patet</span> <span class='ocrx_word' id='word_1_52' title='bbox 366 978 507 1035; x_wconf 88' lang='lat' dir='ltr'>damnum</span> <span class='ocrx_word' id='word_1_53' title='bbox 531 976 728 1052; x_wconf 85' lang='lat' dir='ltr'>syllabarum,</span> <span class='ocrx_word' id='word_1_54' title='bbox 751 995 873 1049; x_wconf 88' lang='lat' dir='ltr'>vocum,</span> <span class='ocrx_word' id='word_1_55' title='bbox 901 977 1129 1034; x_wconf 86' lang='lat' dir='ltr'>enuntiatorum</span> 
     </span>
     <span class='ocr_line' id='line_1_10' title="bbox 106 1065 1132 1143; baseline -0.002 -19"><span class='ocrx_word' id='word_1_56' title='bbox 106 1087 181 1142; x_wconf 90' lang='lat' dir='ltr'>qnae</span> <span class='ocrx_word' id='word_1_57' title='bbox 211 1068 243 1125; x_wconf 94' lang='lat' dir='ltr'>in</span> <span class='ocrx_word' id='word_1_58' title='bbox 273 1090 292 1126; x_wconf 87' lang='grc' dir='ltr'>α</span> <span class='ocrx_word' id='word_1_59' title='bbox 325 1068 355 1125; x_wconf 91' lang='lat' dir='ltr'>et</span> <span class='ocrx_word' id='word_1_60' title='bbox 384 1066 404 1143; x_wconf 87' lang='grc' dir='ltr'><strong><em>β</em></strong></span> <span class='ocrx_word' id='word_1_61' title='bbox 433 1065 651 1139; x_wconf 88' lang='lat' dir='ltr'>desiderantur,</span> <span class='ocrx_word' id='word_1_62' title='bbox 680 1067 841 1125; x_wconf 86' lang='lat' dir='ltr'>maximam</span> <span class='ocrx_word' id='word_1_63' title='bbox 871 1069 988 1141; x_wconf 90' lang='lat' dir='ltr'>partem</span> <span class='ocrx_word' id='word_1_64' title='bbox 1018 1083 1078 1123; x_wconf 89' lang='lat' dir='ltr'>non</span> <span class='ocrx_word' id='word_1_65' title='bbox 1109 1084 1132 1122; x_wconf 91' lang='lat' dir='ltr'>a</span> 
     </span>
     <span class='ocr_line' id='line_1_11' title="bbox 104 1153 1130 1231; baseline -0.001 -17"><span class='ocrx_word' id='word_1_66' title='bbox 104 1156 295 1215; x_wconf 79' lang='lat' dir='ltr'>librariorum</span> <span class='ocrx_word' id='word_1_67' title='bbox 318 1155 369 1231; x_wconf 92' lang='lat' dir='ltr'>qui</span> <span class='ocrx_word' id='word_1_68' title='bbox 393 1155 507 1213; x_wconf 89' lang='lat' dir='ltr'>codices</span> <span class='ocrx_word' id='word_1_69' title='bbox 531 1156 663 1214; x_wconf 87' lang='lat' dir='ltr'>servatos</span> <span class='ocrx_word' id='word_1_70' title='bbox 691 1155 882 1229; x_wconf 87' lang='lat' dir='ltr'>scripserunt,</span> <span class='ocrx_word' id='word_1_71' title='bbox 905 1153 1040 1213; x_wconf 89' lang='lat' dir='ltr'>socordia</span> <span class='ocrx_word' id='word_1_72' title='bbox 1064 1173 1130 1213; x_wconf 89' lang='lat' dir='ltr'>esse</span> 
     </span>
     <span class='ocr_line' id='line_1_12' title="bbox 106 1235 1130 1324; baseline 0 -22"><span class='ocrx_word' id='word_1_73' title='bbox 106 1245 314 1320; x_wconf 87' lang='lat' dir='ltr'>repetendum,</span> <span class='ocrx_word' id='word_1_74' title='bbox 343 1244 393 1304; x_wconf 89' lang='lat' dir='ltr'>sed</span> <span class='ocrx_word' id='word_1_75' title='bbox 416 1244 602 1302; x_wconf 90' lang='lat' dir='ltr'>referendum</span> <span class='ocrx_word' id='word_1_76' title='bbox 627 1243 664 1303; x_wconf 93' lang='lat' dir='ltr'>ad</span> <span class='ocrx_word' id='word_1_77' title='bbox 690 1235 922 1324; x_wconf 77' lang='lat' dir='ltr'>archetypum.²)</span> <span class='ocrx_word' id='word_1_78' title='bbox 965 1244 1027 1301; x_wconf 87' lang='lat' dir='ltr'>alia</span> <span class='ocrx_word' id='word_1_79' title='bbox 1050 1263 1130 1318; x_wconf 86' lang='lat' dir='ltr'>quae</span> 
     </span>
     <span class='ocr_line' id='line_1_13' title="bbox 107 1333 1131 1409; baseline -0.001 -16"><span class='ocrx_word' id='word_1_80' title='bbox 107 1336 217 1394; x_wconf 88' lang='lat' dir='ltr'>omissa</span> <span class='ocrx_word' id='word_1_81' title='bbox 241 1336 335 1408; x_wconf 81' lang='lat' dir='ltr'>erant,</span> <span class='ocrx_word' id='word_1_82' title='bbox 357 1335 390 1392; x_wconf 91' lang='lat' dir='ltr'>in</span> <span class='ocrx_word' id='word_1_83' title='bbox 413 1334 575 1409; x_wconf 80' lang='lat' dir='ltr'>archetypo</span> <span class='ocrx_word' id='word_1_84' title='bbox 595 1333 657 1392; x_wconf 83' lang='lat' dir='ltr'>sive</span> <span class='ocrx_word' id='word_1_85' title='bbox 681 1335 734 1408; x_wconf 92' lang='lat' dir='ltr'>qui</span> <span class='ocrx_word' id='word_1_86' title='bbox 759 1353 827 1391; x_wconf 90' lang='lat' dir='ltr'>eum</span> <span class='ocrx_word' id='word_1_87' title='bbox 846 1335 1043 1392; x_wconf 86' lang='lat' dir='ltr'>exaraverunt</span> <span class='ocrx_word' id='word_1_88' title='bbox 1065 1334 1131 1393; x_wconf 78' lang='lat' dir='ltr'>sive</span> 
     </span>
     <span class='ocr_line' id='line_1_14' title="bbox 107 1421 1130 1500; baseline -0.002 -18"><span class='ocrx_word' id='word_1_89' title='bbox 107 1423 159 1499; x_wconf 90' lang='lat' dir='ltr'>qui</span> <span class='ocrx_word' id='word_1_90' title='bbox 183 1426 385 1497; x_wconf 82' lang='lat' dir='ltr'>correxerunt,</span> <span class='ocrx_word' id='word_1_91' title='bbox 412 1423 591 1482; x_wconf 87' lang='lat' dir='ltr'>addiderunt</span> <span class='ocrx_word' id='word_1_92' title='bbox 614 1425 666 1481; x_wconf 91' lang='lat' dir='ltr'>aut</span> <span class='ocrx_word' id='word_1_93' title='bbox 688 1425 720 1480; x_wconf 89' lang='lat' dir='ltr'>in</span> <span class='ocrx_word' id='word_1_94' title='bbox 747 1423 882 1500; x_wconf 82' lang='lat' dir='ltr'>margine</span> <span class='ocrx_word' id='word_1_95' title='bbox 907 1423 1013 1481; x_wconf 92' lang='lat' dir='ltr'>autin</span> <span class='ocrx_word' id='word_1_96' title='bbox 1035 1421 1130 1480; x_wconf 88' lang='lat' dir='ltr'>inter-</span> 
     </span>
     <span class='ocr_line' id='line_1_15' title="bbox 55 1511 1130 1590; baseline -0.002 -19"><span class='ocrx_word' id='word_1_97' title='bbox 55 1585 56 1589; x_wconf 9' lang='lat'><em>*</em></span> <span class='ocrx_word' id='word_1_98' title='bbox 104 1513 192 1571; x_wconf 84' lang='lat' dir='ltr'>vallis</span> <span class='ocrx_word' id='word_1_99' title='bbox 217 1532 292 1588; x_wconf 88' lang='lat' dir='ltr'>quae</span> <span class='ocrx_word' id='word_1_100' title='bbox 315 1514 397 1570; x_wconf 88' lang='lat' dir='ltr'>intra</span> <span class='ocrx_word' id='word_1_101' title='bbox 415 1531 517 1571; x_wconf 89' lang='lat' dir='ltr'>versus</span> <span class='ocrx_word' id='word_1_102' title='bbox 537 1513 669 1590; x_wconf 89' lang='lat' dir='ltr'>singulos</span> <span class='ocrx_word' id='word_1_103' title='bbox 694 1515 787 1570; x_wconf 89' lang='lat' dir='ltr'>erant.</span> <span class='ocrx_word' id='word_1_104' title='bbox 820 1511 898 1570; x_wconf 89' lang='lat' dir='ltr'>unde</span> <span class='ocrx_word' id='word_1_105' title='bbox 921 1511 1010 1570; x_wconf 87' lang='lat' dir='ltr'>facile</span> <span class='ocrx_word' id='word_1_106' title='bbox 1033 1512 1130 1586; x_wconf 80' lang='lat' dir='ltr'>expli·</span> 
     </span>
     <span class='ocr_line' id='line_1_16' title="bbox 105 1600 1130 1677; baseline 0 -17"><span class='ocrx_word' id='word_1_107' title='bbox 105 1605 190 1660; x_wconf 90' lang='lat' dir='ltr'>catur</span> <span class='ocrx_word' id='word_1_108' title='bbox 223 1602 302 1677; x_wconf 93' lang='lat' dir='ltr'>quod</span> <span class='ocrx_word' id='word_1_109' title='bbox 331 1605 395 1660; x_wconf 92' lang='lat' dir='ltr'>tam</span> <span class='ocrx_word' id='word_1_110' title='bbox 427 1602 599 1676; x_wconf 79' lang='lat' dir='ltr'>frequenter</span> <span class='ocrx_word' id='word_1_111' title='bbox 628 1601 785 1660; x_wconf 87' lang='lat' dir='ltr'>collocatio</span> <span class='ocrx_word' id='word_1_112' title='bbox 815 1600 972 1659; x_wconf 84' lang='lat' dir='ltr'>verborum</span> <span class='ocrx_word' id='word_1_113' title='bbox 1003 1600 1130 1660; x_wconf 88' lang='lat' dir='ltr'>alterius</span> 
     </span>
     <span class='ocr_line' id='line_1_17' title="bbox 104 1690 1128 1765; baseline 0.001 -17"><span class='ocrx_word' id='word_1_114' title='bbox 104 1691 238 1750; x_wconf 83' lang='lat' dir='ltr'>familiae</span> <span class='ocrx_word' id='word_1_115' title='bbox 273 1691 366 1749; x_wconf 90' lang='lat' dir='ltr'>distat</span> <span class='ocrx_word' id='word_1_116' title='bbox 393 1690 430 1749; x_wconf 94' lang='lat' dir='ltr'>ab</span> <span class='ocrx_word' id='word_1_117' title='bbox 461 1691 597 1765; x_wconf 82' lang='lat' dir='ltr'>alterius,</span> <span class='ocrx_word' id='word_1_118' title='bbox 629 1709 700 1749; x_wconf 91' lang='lat' dir='ltr'>nam</span> <span class='ocrx_word' id='word_1_119' title='bbox 729 1690 808 1748; x_wconf 88' lang='lat' dir='ltr'>haud</span> <span class='ocrx_word' id='word_1_120' title='bbox 844 1709 912 1748; x_wconf 89' lang='lat' dir='ltr'>raro</span> <span class='ocrx_word' id='word_1_121' title='bbox 942 1708 1001 1748; x_wconf 93' lang='lat' dir='ltr'>non</span> <span class='ocrx_word' id='word_1_122' title='bbox 1028 1691 1128 1764; x_wconf 91' lang='lat' dir='ltr'>primo</span> 
     </span>
     <span class='ocr_line' id='line_1_18' title="bbox 105 1778 1129 1854; baseline -0.002 -16"><span class='ocrx_word' id='word_1_123' title='bbox 105 1780 212 1838; x_wconf 90' lang='lat' dir='ltr'>obtutu</span> <span class='ocrx_word' id='word_1_124' title='bbox 230 1780 422 1838; x_wconf 83' lang='lat' dir='ltr'>manifestum</span> <span class='ocrx_word' id='word_1_125' title='bbox 441 1782 507 1838; x_wconf 89' lang='lat' dir='ltr'>erat</span> <span class='ocrx_word' id='word_1_126' title='bbox 520 1799 578 1854; x_wconf 91' lang='lat' dir='ltr'>quo</span> <span class='ocrx_word' id='word_1_127' title='bbox 596 1780 662 1838; x_wconf 91' lang='lat' dir='ltr'>loco</span> <span class='ocrx_word' id='word_1_128' title='bbox 677 1778 881 1838; x_wconf 90' lang='lat' dir='ltr'>additamenta</span> <span class='ocrx_word' id='word_1_129' title='bbox 899 1778 952 1836; x_wconf 88' lang='lat' dir='ltr'>illa</span> <span class='ocrx_word' id='word_1_130' title='bbox 970 1779 1129 1837; x_wconf 90' lang='lat' dir='ltr'>inserenda</span> 
     </span>
     <span class='ocr_line' id='line_1_19' title="bbox 105 1867 1128 1944; baseline -0.001 -17"><span class='ocrx_word' id='word_1_131' title='bbox 105 1872 210 1928; x_wconf 87' lang='lat' dir='ltr'>essent.</span> <span class='ocrx_word' id='word_1_132' title='bbox 248 1870 361 1944; x_wconf 90' lang='lat' dir='ltr'>quain</span> <span class='ocrx_word' id='word_1_133' title='bbox 385 1888 416 1925; x_wconf 88' lang='lat' dir='ltr'>re</span> <span class='ocrx_word' id='word_1_134' title='bbox 441 1868 598 1926; x_wconf 87' lang='lat' dir='ltr'>librarium</span> <span class='ocrx_word' id='word_1_135' title='bbox 626 1868 782 1943; x_wconf 81' lang='lat' dir='ltr'>archetypi</span> <span class='ocrx_word' id='word_1_136' title='bbox 808 1867 941 1925; x_wconf 83' lang='lat' dir='ltr'>familiae</span> <span class='ocrx_word' id='word_1_137' title='bbox 965 1891 985 1926; x_wconf 87' lang='grc' dir='ltr'>α</span> <span class='ocrx_word' id='word_1_138' title='bbox 1008 1869 1128 1943; x_wconf 89' lang='lat' dir='ltr'>saepius</span> 
     </span>
    </p>

    <p class='ocr_par' dir='ltr' id='par_1_4' title="bbox 85 1955 1129 2841">
     <span class='ocr_line' id='line_1_20' title="bbox 110 1955 1129 2034; baseline -0.001 -19"><span class='ocrx_word' id='word_1_139' title='bbox 110 1977 210 2016; x_wconf 89' lang='lat' dir='ltr'>verum</span> <span class='ocrx_word' id='word_1_140' title='bbox 233 1957 342 2016; x_wconf 83' lang='lat' dir='ltr'>vidisse</span> <span class='ocrx_word' id='word_1_141' title='bbox 367 1976 456 2032; x_wconf 90' lang='lat' dir='ltr'>quam</span> <span class='ocrx_word' id='word_1_142' title='bbox 479 1957 566 2015; x_wconf 90' lang='lat' dir='ltr'>illum</span> <span class='ocrx_word' id='word_1_143' title='bbox 590 1959 637 2015; x_wconf 92' lang='lat' dir='ltr'>cui</span> <span class='ocrx_word' id='word_1_144' title='bbox 660 1957 679 2034; x_wconf 86' lang='grc' dir='ltr'><strong><em>β</em></strong></span> <span class='ocrx_word' id='word_1_145' title='bbox 703 1955 839 2030; x_wconf 90' lang='lat' dir='ltr'>debetur,</span> <span class='ocrx_word' id='word_1_146' title='bbox 864 1959 926 2015; x_wconf 88' lang='lat' dir='ltr'>iam</span> <span class='ocrx_word' id='word_1_147' title='bbox 949 1975 1041 2031; x_wconf 89' lang='lat' dir='ltr'>supra</span> <span class='ocrx_word' id='word_1_148' title='bbox 1063 1976 1129 2015; x_wconf 92' lang='lat' dir='ltr'>mo·</span> 
     </span>
     <span class='ocr_line' id='line_1_21' title="bbox 104 2002 1129 2124; baseline 0.001 -21"><span class='ocrx_word' id='word_1_149' title='bbox 104 2049 233 2104; x_wconf 81' lang='lat' dir='ltr'>nuimus</span> <span class='ocrx_word' id='word_1_150' title='bbox 274 2065 363 2121; x_wconf 93' lang='lat' dir='ltr'>porro</span> <span class='ocrx_word' id='word_1_151' title='bbox 392 2045 483 2104; x_wconf 89' lang='lat' dir='ltr'>verba</span> <span class='ocrx_word' id='word_1_152' title='bbox 514 2065 589 2121; x_wconf 89' lang='lat' dir='ltr'>quae</span> <span class='ocrx_word' id='word_1_153' title='bbox 614 2045 795 2121; x_wconf 84' lang='lat' dir='ltr'>explicandi</span> <span class='ocrx_word' id='word_1_154' title='bbox 809 2002 944 2124; x_wconf 75' lang='lat' dir='ltr'>giatia</span> <span class='ocrx_word' id='word_1_155' title='bbox 935 2066 967 2103; x_wconf 89' lang='lat' dir='ltr'>m</span> <span class='ocrx_word' id='word_1_156' title='bbox 991 2047 1129 2122; x_wconf 87' lang='lat' dir='ltr'>margine</span> 
     </span>
     <span class='ocr_line' id='line_1_22' title="bbox 85 2127 1128 2214; baseline 0 -21"><span class='ocrx_word' id='word_1_157' title='bbox 85 2136 245 2210; x_wconf 51' lang='lat' dir='ltr'>papposita</span> <span class='ocrx_word' id='word_1_158' title='bbox 273 2138 370 2210; x_wconf 86' lang='lat' dir='ltr'>erant,</span> <span class='ocrx_word' id='word_1_159' title='bbox 402 2154 558 2211; x_wconf 81' lang='lat' dir='ltr'>perperam</span> <span class='ocrx_word' id='word_1_160' title='bbox 586 2135 616 2192; x_wconf 91' lang='lat' dir='ltr'>in</span> <span class='ocrx_word' id='word_1_161' title='bbox 649 2137 765 2193; x_wconf 82' lang='lat' dir='ltr'>textum</span> <span class='ocrx_word' id='word_1_162' title='bbox 791 2136 982 2210; x_wconf 78' lang='lat' dir='ltr'>irrepserunt</span> <span class='ocrx_word' id='word_1_163' title='bbox 986 2127 1011 2214; x_wconf 78' lang='lat'>³)</span> <span class='ocrx_word' id='word_1_164' title='bbox 1060 2137 1128 2193; x_wconf 90' lang='lat' dir='ltr'>tum</span> 
     </span>
     <span class='ocr_line' id='line_1_23' title="bbox 91 2224 1129 2300; baseline 0 -18"><span class='ocrx_word' id='word_1_165' title='bbox 91 2224 300 2300; x_wconf 87' lang='lat' dir='ltr'>archetypum</span> <span class='ocrx_word' id='word_1_166' title='bbox 320 2225 468 2300; x_wconf 90' lang='lat' dir='ltr'>scriptura</span> <span class='ocrx_word' id='word_1_167' title='bbox 491 2225 632 2284; x_wconf 87' lang='lat' dir='ltr'>continua</span> <span class='ocrx_word' id='word_1_168' title='bbox 650 2225 743 2283; x_wconf 84' lang='lat' dir='ltr'>fuisse</span> <span class='ocrx_word' id='word_1_169' title='bbox 762 2227 916 2282; x_wconf 87' lang='lat' dir='ltr'>exaratum</span> <span class='ocrx_word' id='word_1_170' title='bbox 936 2243 1011 2299; x_wconf 88' lang='lat' dir='ltr'>qnae</span> <span class='ocrx_word' id='word_1_171' title='bbox 1030 2243 1129 2298; x_wconf 86' lang='lat' dir='ltr'>neque</span> 
     </span>
     <span class='ocr_line' id='line_1_24' title="bbox 105 2312 1129 2413; baseline 0.002 -42"><span class='ocrx_word' id='word_1_172' title='bbox 105 2315 256 2413; x_wconf 80' lang='lat' dir='ltr'>elegantia</span> <span class='ocrx_word' id='word_1_173' title='bbox 278 2333 373 2389; x_wconf 88' lang='lat' dir='ltr'>neque</span> <span class='ocrx_word' id='word_1_174' title='bbox 396 2314 608 2390; x_wconf 81' lang='lat' dir='ltr'>perspicuitate</span> <span class='ocrx_word' id='word_1_175' title='bbox 633 2314 768 2385; x_wconf 88' lang='lat' dir='ltr'>eminuit</span> <span class='ocrx_word' id='word_1_176' title='bbox 746 2312 926 2372; x_wconf 89' lang='lat' dir='ltr'>tcodioum</span> <span class='ocrx_word' id='word_1_177' title='bbox 949 2314 1129 2389; x_wconf 87' lang='lat' dir='ltr'>corruptelis</span> 
     </span>
     <span class='ocr_line' id='line_1_25' title="bbox 104 2402 1129 2481; baseline -0.001 -20"><span class='ocrx_word' id='word_1_178' title='bbox 104 2402 291 2478; x_wconf 84' lang='lat' dir='ltr'>maximeque</span> <span class='ocrx_word' id='word_1_179' title='bbox 314 2402 543 2481; x_wconf 86' lang='lat' dir='ltr'>Bambergensis</span> <span class='ocrx_word' id='word_1_180' title='bbox 567 2403 720 2462; x_wconf 87' lang='lat' dir='ltr'>evincitur.</span> <span class='ocrx_word' id='word_1_181' title='bbox 764 2420 798 2460; x_wconf 92' lang='lat' dir='ltr'>ao</span> <span class='ocrx_word' id='word_1_182' title='bbox 821 2422 858 2460; x_wconf 88' lang='lat' dir='ltr'>ne</span> <span class='ocrx_word' id='word_1_183' title='bbox 882 2405 1037 2460; x_wconf 89' lang='lat' dir='ltr'>enuntiata</span> <span class='ocrx_word' id='word_1_184' title='bbox 1061 2405 1129 2477; x_wconf 91' lang='lat' dir='ltr'>qui-</span> 
     </span>
     <span class='ocr_line' id='line_1_26' title="bbox 106 2491 1129 2571; baseline 0.001 -22"><span class='ocrx_word' id='word_1_185' title='bbox 106 2491 173 2550; x_wconf 89' lang='lat' dir='ltr'>dem</span> <span class='ocrx_word' id='word_1_186' title='bbox 196 2496 333 2552; x_wconf 90' lang='lat' dir='ltr'>accurate</span> <span class='ocrx_word' id='word_1_187' title='bbox 357 2493 561 2571; x_wconf 88' lang='lat' dir='ltr'>distinguendi</span> <span class='ocrx_word' id='word_1_188' title='bbox 587 2495 667 2552; x_wconf 88' lang='lat' dir='ltr'>notis</span> <span class='ocrx_word' id='word_1_189' title='bbox 695 2492 792 2550; x_wconf 86' lang='lat' dir='ltr'>divisa</span> <span class='ocrx_word' id='word_1_190' title='bbox 816 2495 908 2550; x_wconf 90' lang='lat' dir='ltr'>erant.</span> <span class='ocrx_word' id='word_1_191' title='bbox 950 2492 1129 2566; x_wconf 91' lang='lat' dir='ltr'>compendia</span> 
     </span>
     <span class='ocr_line' id='line_1_27' title="bbox 106 2581 1127 2658; baseline 0.002 -20"><span class='ocrx_word' id='word_1_192' title='bbox 106 2600 223 2655; x_wconf 89' lang='lat' dir='ltr'>quoque</span> <span class='ocrx_word' id='word_1_193' title='bbox 248 2601 335 2657; x_wconf 88' lang='lat' dir='ltr'>saepe</span> <span class='ocrx_word' id='word_1_194' title='bbox 359 2601 461 2640; x_wconf 91' lang='lat' dir='ltr'>ansam</span> <span class='ocrx_word' id='word_1_195' title='bbox 482 2581 626 2641; x_wconf 90' lang='lat' dir='ltr'>dederunt</span> <span class='ocrx_word' id='word_1_196' title='bbox 650 2600 797 2653; x_wconf 84' lang='lat' dir='ltr'>errorum,</span> <span class='ocrx_word' id='word_1_197' title='bbox 827 2601 850 2639; x_wconf 88' lang='lat' dir='ltr'>a.</span> <span class='ocrx_word' id='word_1_198' title='bbox 870 2601 897 2658; x_wconf 88' lang='lat' dir='ltr'>g.</span> <span class='ocrx_word' id='word_1_199' title='bbox 922 2581 1036 2640; x_wconf 84' lang='lat' dir='ltr'>formae</span> <span class='ocrx_word' id='word_1_200' title='bbox 1057 2601 1127 2655; x_wconf 89' lang='lat' dir='ltr'>pro·</span> 
     </span>
     <span class='ocr_line' id='line_1_28' title="bbox 105 2671 1128 2745; baseline 0 -18"><span class='ocrx_word' id='word_1_201' title='bbox 105 2671 234 2729; x_wconf 91' lang='lat' dir='ltr'>nominis</span> <span class='ocrx_word' id='word_1_202' title='bbox 257 2671 377 2729; x_wconf 85' lang='lat' dir='ltr'>relativi</span> <span class='ocrx_word' id='word_1_203' title='bbox 404 2675 494 2745; x_wconf 90' lang='lat' dir='ltr'>atque</span> <span class='ocrx_word' id='word_1_204' title='bbox 522 2671 747 2728; x_wconf 87' lang='lat' dir='ltr'>terminationes</span> <span class='ocrx_word' id='word_1_205' title='bbox 776 2673 806 2728; x_wconf 90' lang='lat' dir='ltr'>et</span> <span class='ocrx_word' id='word_1_206' title='bbox 833 2673 986 2729; x_wconf 91' lang='lat' dir='ltr'>nominum</span> <span class='ocrx_word' id='word_1_207' title='bbox 1010 2674 1039 2728; x_wconf 90' lang='lat' dir='ltr'>et</span> <span class='ocrx_word' id='word_1_208' title='bbox 1061 2689 1128 2727; x_wconf 83' lang='lat' dir='ltr'>ver-</span> 
     </span>
     <span class='ocr_line' id='line_1_29' title="bbox 93 2758 1128 2841; baseline 0.003 -25"><span class='ocrx_word' id='word_1_209' title='bbox 93 2758 211 2841; x_wconf 76' lang='lat' dir='ltr'>borum</span> <span class='ocrx_word' id='word_1_210' title='bbox 234 2759 313 2817; x_wconf 90' lang='lat' dir='ltr'>inter</span> <span class='ocrx_word' id='word_1_211' title='bbox 336 2778 366 2818; x_wconf 88' lang='lat' dir='ltr'>se</span> <span class='ocrx_word' id='word_1_212' title='bbox 389 2761 577 2833; x_wconf 87' lang='lat' dir='ltr'>permutatae</span> <span class='ocrx_word' id='word_1_213' title='bbox 601 2761 678 2818; x_wconf 88' lang='lat' dir='ltr'>sunt.</span> <span class='ocrx_word' id='word_1_214' title='bbox 725 2759 905 2818; x_wconf 87' lang='lat' dir='ltr'>accedebant</span> <span class='ocrx_word' id='word_1_215' title='bbox 932 2759 989 2818; x_wconf 92' lang='lat' dir='ltr'>loci</span> <span class='ocrx_word' id='word_1_216' title='bbox 1018 2759 1128 2835; x_wconf 90' lang='lat' dir='ltr'>quibus</span> 
     </span>
    </p>
   </div>
   <div class='ocr_carea' id='block_1_3' title="bbox 105 2908 1129 3621">
    <p class='ocr_par' dir='ltr' id='par_1_5' title="bbox 105 2908 1128 3477">
     <span class='ocr_line' id='line_1_30' title="bbox 179 2908 1128 2979; baseline 0.004 -18"><span class='ocrx_word' id='word_1_217' title='bbox 179 2912 204 2979; x_wconf 85' lang='lat'>1)</span> <span class='ocrx_word' id='word_1_218' title='bbox 223 2928 310 2963; x_wconf 90' lang='lat' dir='ltr'>unum</span> <span class='ocrx_word' id='word_1_219' title='bbox 330 2926 363 2962; x_wconf 87' lang='lat' dir='ltr'>ex</span> <span class='ocrx_word' id='word_1_220' title='bbox 382 2908 422 2963; x_wconf 85' lang='lat' dir='ltr'>eis</span> <span class='ocrx_word' id='word_1_221' title='bbox 441 2909 522 2963; x_wconf 89' lang='lat' dir='ltr'>libris</span> <span class='ocrx_word' id='word_1_222' title='bbox 545 2909 598 2962; x_wconf 93' lang='lat' dir='ltr'>hoc</span> <span class='ocrx_word' id='word_1_223' title='bbox 618 2925 728 2977; x_wconf 89' lang='lat' dir='ltr'>quoque</span> <span class='ocrx_word' id='word_1_224' title='bbox 752 2908 814 2962; x_wconf 91' lang='lat' dir='ltr'>loco</span> <span class='ocrx_word' id='word_1_225' title='bbox 833 2927 889 2962; x_wconf 88' lang='lat' dir='ltr'>non</span> <span class='ocrx_word' id='word_1_226' title='bbox 908 2909 992 2979; x_wconf 88' lang='lat' dir='ltr'>plane</span> <span class='ocrx_word' id='word_1_227' title='bbox 1012 2910 1128 2965; x_wconf 92' lang='lat' dir='ltr'>silentio</span> 
     </span>
     <span class='ocr_line' id='line_1_31' title="bbox 107 2979 1128 3050; baseline 0.001 -16"><span class='ocrx_word' id='word_1_228' title='bbox 107 2982 277 3050; x_wconf 80' lang='lat' dir='ltr'>opprimam,</span> <span class='ocrx_word' id='word_1_229' title='bbox 307 2979 468 3034; x_wconf 84' lang='lat' dir='ltr'>Saldensem</span> <span class='ocrx_word' id='word_1_230' title='bbox 494 2988 527 3035; x_wconf 92' lang='grc'>22</span> <span class='ocrx_word' id='word_1_231' title='bbox 557 2996 628 3034; x_wconf 90' lang='lat' dir='ltr'>saec.</span> <span class='ocrx_word' id='word_1_232' title='bbox 652 2980 703 3034; x_wconf 90' lang='lat' dir='ltr'>XV</span> <span class='ocrx_word' id='word_1_233' title='bbox 730 2981 987 3048; x_wconf 84' lang='lat' dir='ltr'>membranaceum,</span> <span class='ocrx_word' id='word_1_234' title='bbox 1016 2982 1064 3049; x_wconf 92' lang='lat' dir='ltr'>qui</span> <span class='ocrx_word' id='word_1_235' title='bbox 1093 3000 1128 3035; x_wconf 85' lang='lat' dir='ltr'>ex</span> 
     </span>
     <span class='ocr_line' id='line_1_32' title="bbox 107 3052 1128 3122; baseline 0 -16"><span class='ocrx_word' id='word_1_236' title='bbox 107 3053 261 3122; x_wconf 87' lang='lat' dir='ltr'>exemplari</span> <span class='ocrx_word' id='word_1_237' title='bbox 289 3052 435 3105; x_wconf 83' lang='lat' dir='ltr'>Laurentii</span> <span class='ocrx_word' id='word_1_238' title='bbox 463 3052 563 3106; x_wconf 90' lang='lat' dir='ltr'>Vallae</span> <span class='ocrx_word' id='word_1_239' title='bbox 592 3052 730 3120; x_wconf 89' lang='lat' dir='ltr'>originem</span> <span class='ocrx_word' id='word_1_240' title='bbox 757 3052 846 3105; x_wconf 89' lang='lat' dir='ltr'>trahit</span> <span class='ocrx_word' id='word_1_241' title='bbox 874 3052 917 3122; x_wconf 86' lang='lat' dir='ltr'>(cf.</span> <span class='ocrx_word' id='word_1_242' title='bbox 943 3053 1128 3121; x_wconf 86' lang='lat' dir='ltr'>Dessauer‚</span> 
     </span>
     <span class='ocr_line' id='line_1_33' title="bbox 106 3123 1128 3193; baseline 0.002 -17"><span class='ocrx_word' id='word_1_243' title='bbox 106 3142 133 3193; x_wconf 90' lang='lat' dir='ltr'>p.</span> <span class='ocrx_word' id='word_1_244' title='bbox 150 3127 201 3192; x_wconf 80' lang='lat'>55).</span> <span class='ocrx_word' id='word_1_245' title='bbox 232 3123 332 3177; x_wconf 87' lang='lat' dir='ltr'>Vallae</span> <span class='ocrx_word' id='word_1_246' title='bbox 352 3123 428 3177; x_wconf 88' lang='lat' dir='ltr'>enim</span> <span class='ocrx_word' id='word_1_247' title='bbox 446 3123 571 3178; x_wconf 79' lang='lat' dir='ltr'>recensio</span> <span class='ocrx_word' id='word_1_248' title='bbox 591 3123 723 3192; x_wconf 90' lang='lat' dir='ltr'>quicum</span> <span class='ocrx_word' id='word_1_249' title='bbox 741 3123 862 3178; x_wconf 84' lang='lat' dir='ltr'>maxime</span> <span class='ocrx_word' id='word_1_250' title='bbox 882 3123 1057 3189; x_wconf 84' lang='lat' dir='ltr'>Quintiliano</span> <span class='ocrx_word' id='word_1_251' title='bbox 1078 3124 1128 3178; x_wconf 89' lang='lat' dir='ltr'>de-</span> 
     </span>
     <span class='ocr_line' id='line_1_34' title="bbox 105 3194 1128 3264; baseline 0.002 -16"><span class='ocrx_word' id='word_1_252' title='bbox 105 3195 269 3260; x_wconf 82' lang='lat' dir='ltr'>lactaretur</span> <span class='ocrx_word' id='word_1_253' title='bbox 295 3194 417 3248; x_wconf 90' lang='lat' dir='ltr'>multum</span> <span class='ocrx_word' id='word_1_254' title='bbox 440 3194 527 3248; x_wconf 87' lang='lat' dir='ltr'>studii</span> <span class='ocrx_word' id='word_1_255' title='bbox 550 3196 636 3263; x_wconf 88' lang='lat' dir='ltr'>atque</span> <span class='ocrx_word' id='word_1_256' title='bbox 658 3194 763 3248; x_wconf 86' lang='lat' dir='ltr'>laboris</span> <span class='ocrx_word' id='word_1_257' title='bbox 784 3195 814 3248; x_wconf 91' lang='lat' dir='ltr'>in</span> <span class='ocrx_word' id='word_1_258' title='bbox 833 3196 1014 3250; x_wconf 86' lang='lat' dir='ltr'>emendandis</span> <span class='ocrx_word' id='word_1_259' title='bbox 1041 3199 1128 3264; x_wconf 89' lang='lat' dir='ltr'>atque</span> 
     </span>
     <span class='ocr_line' id='line_1_35' title="bbox 106 3237 1129 3349; baseline 0.002 -31"><span class='ocrx_word' id='word_1_260' title='bbox 106 3237 325 3349; x_wconf 76' lang='lat' dir='ltr'>interpretabdis</span> <span class='ocrx_word' id='word_1_261' title='bbox 341 3266 595 3320; x_wconf 86' lang='lat' dir='ltr'>declamationibus</span> <span class='ocrx_word' id='word_1_262' title='bbox 610 3267 713 3335; x_wconf 85' lang='lat' dir='ltr'>posuit,</span> <span class='ocrx_word' id='word_1_263' title='bbox 729 3265 912 3321; x_wconf 89' lang='lat' dir='ltr'>fundamento</span> <span class='ocrx_word' id='word_1_264' title='bbox 924 3271 984 3322; x_wconf 84' lang='lat' dir='ltr'>erat</span> <span class='ocrx_word' id='word_1_265' title='bbox 972 3268 1129 3321; x_wconf 84' lang='lat' dir='ltr'>teditioni-</span> 
     </span>
     <span class='ocr_line' id='line_1_36' title="bbox 105 3336 1128 3461; baseline 0.002 -71"><span class='ocrx_word' id='word_1_266' title='bbox 105 3337 185 3390; x_wconf 89' lang='lat' dir='ltr'>bust</span> <span class='ocrx_word' id='word_1_267' title='bbox 173 3337 254 3461; x_wconf 61' lang='lat' dir='ltr'>tppis</span> <span class='ocrx_word' id='word_1_268' title='bbox 263 3336 437 3406; x_wconf 85' lang='lat' dir='ltr'>pert&#39;vulgars</span> <span class='ocrx_word' id='word_1_269' title='bbox 452 3338 587 3406; x_wconf 90' lang='lat' dir='ltr'>usquead</span> <span class='ocrx_word' id='word_1_270' title='bbox 601 3336 950 3406; x_wconf 82' lang='lat' dir='ltr'>ObrechtietBurmanni,</span> <span class='ocrx_word' id='word_1_271' title='bbox 964 3357 1020 3393; x_wconf 92' lang='lat' dir='ltr'>non</span> <span class='ocrx_word' id='word_1_272' title='bbox 1036 3339 1128 3393; x_wconf 85' lang='lat' dir='ltr'>solum</span> 
     </span>
     <span class='ocr_line' id='line_1_37' title="bbox 105 3409 245 3477; baseline 0.007 -16"><span class='ocrx_word' id='word_1_273' title='bbox 105 3409 192 3477; x_wconf 79' lang='lat' dir='ltr'>priori</span> <span class='ocrx_word' id='word_1_274' title='bbox 212 3427 245 3462; x_wconf 86' lang='lat' dir='ltr'>us</span> 
     </span>
    </p>

    <p class='ocr_par' dir='ltr' id='par_1_6' title="bbox 178 3479 565 3549">
     <span class='ocr_line' id='line_1_38' title="bbox 178 3479 565 3549; baseline 0 -16"><span class='ocrx_word' id='word_1_275' title='bbox 178 3479 257 3547; x_wconf 76' lang='lat' dir='ltr'>2.)cf</span> <span class='ocrx_word' id='word_1_276' title='bbox 277 3479 460 3547; x_wconf 81' lang='lat' dir='ltr'>Dessauer‚</span> <span class='ocrx_word' id='word_1_277' title='bbox 480 3499 506 3549; x_wconf 89' lang='lat' dir='ltr'>p.</span> <span class='ocrx_word' id='word_1_278' title='bbox 523 3485 565 3533; x_wconf 83' lang='grc'>86.</span> 
     </span>
    </p>

    <p class='ocr_par' dir='ltr' id='par_1_7' title="bbox 178 3550 564 3621">
     <span class='ocr_line' id='line_1_39' title="bbox 178 3550 564 3621; baseline 0 -16"><span class='ocrx_word' id='word_1_279' title='bbox 178 3554 203 3620; x_wconf 88' lang='grc'>3)</span> <span class='ocrx_word' id='word_1_280' title='bbox 178 3550 258 3605; x_wconf 88' lang='lat' dir='ltr'>3cf.</span> <span class='ocrx_word' id='word_1_281' title='bbox 278 3551 459 3618; x_wconf 79' lang='lat' dir='ltr'>Dessauer‚</span> <span class='ocrx_word' id='word_1_282' title='bbox 478 3569 506 3621; x_wconf 89' lang='lat' dir='ltr'>p.</span> <span class='ocrx_word' id='word_1_283' title='bbox 522 3557 564 3605; x_wconf 87' lang='lat'>83.</span> 
     </span>
    </p>
   </div>
   <div class='ocr_carea' id='block_1_4' title="bbox 0 0 1220 3952">
    <p class='ocr_par' dir='ltr' id='par_1_8' title="bbox 0 0 1220 3952">
     <span class='ocr_line' id='line_1_40' title="bbox 0 0 1220 3952; baseline 0 0"><span class='ocrx_word' id='word_1_284' title='bbox 0 0 1220 3952; x_wconf 95' lang='lat' dir='ltr'> </span> 
     </span>
    </p>
   </div>
  </div>
 </body>
</html>
