2430 3952
130 182 197 247 408
438 181 630 237 monam
647 181 825 236 PABlSlNA.

129 349 322 412 saevissime?
361 351 493 410 omnium
515 352 742 428 parricidiorum
759 351 929 409 maximum.
970 351 1061 410 illum
1081 352 1155 413 abs-

129 442 227 500 tulisti
253 441 305 515 qui
327 442 404 499 mori
425 459 485 499 non
507 443 634 516 poterat.
674 440 750 498 mihi
772 441 856 499 nulla
882 457 948 517 spes
975 441 1035 499 nisi
1065 442 1155 518 apud

128 549 250 607 magum
278 529 382 588 relicta
416 531 469 588 est.
515 530 595 588 solus
624 530 755 587 animam
787 548 910 588 evocare
943 531 1057 605 poterit
1096 533 1154 606 qui

128 617 279 678 includere
293 619 401 695 potuit.
437 619 557 693 Macar.
590 618 736 677 laboriose
750 619 882 677 inclusus
897 621 949 677 est.
986 619 1155 678 Metanira

129 708 295 783 nitebatur,
324 710 410 766 tanto
440 697 559 766 facilius
589 707 768 766 caecabitur.
814 707 939 766 dimitte.
987 711 1154 768 sevocatus
1182 732 1196 771 a

130 799 183 855 eat.
225 796 412 855 exsecrabilis
436 797 502 870 eris,
524 798 551 856 si
568 796 709 855 libentius
733 796 946 874 adligandum
968 800 1154 858 muneraris.

337 1026 388 1084 XI.
412 1026 510 1086 Drvas
532 1044 710 1087 accvsarvs
732 1045 936 1086 enormioris.

129 1151 269 1209 Proditor
286 1152 439 1209 moriatur.
477 1153 674 1210 calumniator
690 1171 751 1210 non
769 1153 876 1227 minus,
896 1151 955 1211 nisi
973 1152 1153 1213 convicerit.

174 1258 289 1316 pauper
316 1242 346 1298 et
369 1239 451 1298 dives
477 1241 599 1300 inimici.
641 1242 760 1316 utrique
790 1241 867 1299 terni
895 1241 989 1299 liberi.
1032 1242 1154 1302 bellum

173 1328 280 1387 incidit
307 1330 432 1388 civitati.
473 1329 555 1388 dives
586 1330 645 1389 dux
674 1331 771 1389 factus
804 1333 861 1404 est,
890 1332 922 1388 in
950 1331 1050 1389 castra
1080 1351 1154 1409 pro-
1169 1356 1193 1395 ιο

173 1418 267 1477 faetus
291 1419 343 1477 est.
385 1437 486 1477 rumor
504 1421 586 1478 ortus
605 1421 658 1494 est,
682 1419 719 1478 ab
740 1437 774 1477 eo
798 1419 885 1495 prodi
902 1436 965 1477 rem
981 1419 1152 1494 publicam.

174 1508 317 1582 processit
338 1527 452 1582 pauper
474 1510 506 1565 in
533 1510 709 1567 contionem.
751 1509 903 1567 accusavit
929 1507 1055 1567 divitem
1080 1529 1154 1586 pro·

138 1639 139 1642 η
174 1597 304 1655 ditionis.
347 1596 468 1655 absente
486 1615 520 1655 eo
535 1616 553 1656 a
566 1597 678 1674 populo
691 1595 778 1655 liberi
796 1596 925 1672 lapidati
943 1599 1020 1657 sunt.
1063 1598 1153 1659 dives

153 1685 292 1745 >abello
322 1687 419 1745 victor
448 1704 582 1745 reversus
615 1685 691 1745 filios
720 1686 861 1762 pauperis
896 1685 934 1744 ad
963 1686 1153 1762 supplicium

173 1776 259 1850 petit.
300 1774 386 1833 offert
409 1793 439 1833 sa
462 1793 584 1852 pauper,
625 1775 706 1834 dives
730 1774 913 1834 contradicit.
1166 1799 1189 1839 ra

196 1934 294 1993 Dives.
336 1954 488 2008 nunquam
510 1935 542 1992 id
561 1938 808 2012 exspectaveram,
830 1934 952 2009 iudices,
975 1937 1010 1993 ut
1029 1935 1067 1994 de
1092 1938 1150 1996 ini·

130 2023 202 2079 mici
225 2022 370 2096 supplicio
395 2027 599 2096 quaereretur,
626 2042 680 2082 nec
702 2042 788 2098 posse
818 2023 852 2082 de
875 2024 989 2082 ultione
1013 2023 1151 2085 dubitari

132 2128 222 2184 quam
244 2111 319 2167 mibi
346 2113 410 2167 tam
439 2111 526 2170 liberi
553 2112 663 2171 doloris
694 2113 799 2171 civitas
830 2112 924 2171 debet.
966 2112 1150 2188 proditionis

131 2218 178 2256 me
208 2199 345 2257 inimicus
373 2200 498 2258 notavit.
540 2200 665 2273 Pauper.
707 2221 809 2260 rumor
835 2203 901 2260 fuit
943 2202 983 2260 1).
1003 2204 1092 2278 atqui
1115 2206 1151 2262 tu

130 2288 257 2345 rumoris
288 2290 385 2363 caput.
429 2290 462 2346 P.
486 2289 560 2346 mihi
589 2291 653 2347 tam
682 2290 770 2349 facile
799 2310 859 2349 non
889 2291 1063 2350 crederetur.
1109 2294 1149 2352 D.
1164 2315 1189 2354 aa

130 2376 206 2436 nihil
230 2379 275 2434 ast
296 2379 360 2435 tam
383 2395 476 2454 capax
499 2378 705 2437 calamitatum
733 2399 823 2453 quam
845 2379 963 2438 bellum.
1005 2381 1039 2437 P.
1059 2401 1149 2440 num·

131 2465 203 2540 quid
226 2484 286 2523 non
314 2466 389 2524 mihi
417 2467 497 2525 inter
518 2468 593 2526 alios
620 2467 717 2542 loqui,
746 2467 815 2527 flare
842 2467 949 2528 licuit?
989 2472 1151 2545 numquid,

132 2557 202 2630 quia
220 2555 307 2613 rebus
323 2573 417 2629 careo,
435 2557 533 2617 verbis
547 2575 646 2615 carere
660 2555 772 2616 debeo?
812 2557 851 2615 D.
866 2575 1015 2617 rumorem
1029 2561 1152 2635 creasti,

130 2643 269 2702 adultum
292 2644 323 2700 in
347 2646 516 2704 concionem
539 2646 687 2722 detulisti,
717 2647 914 2705 calumniatus
940 2665 978 2705 es.
1020 2647 1053 2704 P.
1075 2651 1149 2708 esto.

130 2733 228 2791 adhuc
251 2751 364 2792 accuso.
406 2734 575 2795 intenderas
599 2735 679 2810 quid,
703 2735 754 2793 sed
776 2735 937 2794 liberorum
961 2738 1057 2794 morte
1080 2757 1149 2813 per·
1164 2759 1189 2800 aa

13 2888 18 2901 Ι
130 2822 251 2880 territus
280 2824 365 2880 tuam
395 2825 507 2882 vitasti.
548 2825 587 2882 D.
607 2825 633 2883 si
655 2823 686 2883 id
713 2824 920 2899 intendissem,
948 2823 1057 2884 liberos
1087 2846 1150 2886 non

130 2910 324 2985 reliquissem.
367 2912 399 2968 P.
419 2912 562 2971 talionem
580 2912 692 2972 subibo.
735 2916 861 2972 mortem
880 2933 939 2971 non
957 2913 1067 2972 vitabo.
1109 2917 1149 2974 D.

204 3086 217 3131 1
238 3078 441 3148 parricidorum
464 3089 508 3133 VB
579 3087 594 3134 5
615 3082 683 3135 satis
703 3085 833 3136 evocatus
852 3092 880 3136 Β

172 3209 218 3255 μῖ
237 3203 409 3257 Proditionis
428 3204 550 3274 suspicio
568 3167 666 3260 ldllex
680 3215 708 3259 P
777 3212 793 3260 8
812 3208 983 3276 proditor-
994 3208 1152 3263 convicerit

132 3290 182 3328 cm.
207 3283 252 3328 VB
328 3275 566 3329 9ternitantum
587 3286 633 3329 vn
706 3283 739 3331 10
759 3279 963 3333 estonam!
1034 3284 1069 3332 18
1084 3288 1153 3348 port

132 3345 218 3398 debet
239 3346 303 3400 add.
324 3356 363 3400 ιιι
383 3347 500 3415 Pauper.
532 3347 581 3401 aed
603 3364 656 3402 nec
677 3364 729 3418 ego
747 3367 775 3418 p.
791 3366 813 3402 o.
833 3365 851 3402 a
876 3352 975 3404 senatu
997 3351 1058 3402 tam
1083 3367 1152 3406 con·

133 3415 285 3470 sultisnmo
304 3419 442 3486 exspecto,
461 3419 493 3471 ut
512 3419 587 3487 quod
606 3435 623 3472 a
641 3421 703 3474 tota
719 3421 834 3474 civitate
847 3423 1041 3489 perpetratum
1060 3424 1107 3476 eat
1120 3423 1152 3478 in

132 3487 273 3557 singulare
288 3490 317 3541 et
329 3488 541 3542 imbecillimum
557 3493 643 3560 caput
651 3494 853 3560 retorqueatur.
887 3491 963 3546 dives
1017 3497 1053 3545 22
1066 3492 1152 3550 flere:

133 3557 213 3612 silere
233 3569 261 3613 ιι
338 3565 371 3612 23
391 3560 471 3628 quid:
491 3561 605 3629 quidem
628 3571 673 3614 VB
744 3568 777 3616 25
795 3563 959 3632 perterritus
979 3579 1008 3616 es
1031 3573 1079 3618 VB
