2430 3952
440 175 674 232 DECLAMATIO
692 177 718 231 V
737 183 814 232 6-8.
1094 177 1138 244 95

124 345 162 405 de
184 347 289 404 mutua
313 345 437 405 caritate
459 347 634 406 reverentia.
676 347 786 406 collisis
809 364 983 423 prospexere
1005 347 1138 423 pignori-

123 435 181 494 bus
203 436 234 493 et
254 436 334 493 inter
354 436 419 493 tam
441 435 624 494 venerabiles
647 434 781 495 adfectus
803 435 858 495 hoc
878 454 994 512 quoque
1013 436 1139 513 dignum

123 523 314 600 providentia
337 523 404 597 fuit,
426 525 461 582 ut
484 523 600 598 aliquid
622 527 653 582 et
675 525 745 583 odia
766 527 961 600 praestarent.
1000 525 1138 599 quereris,

122 611 274 686 irasceris,
302 614 332 671 et
358 612 425 671 ideo
453 613 571 672 iuberis.
619 612 832 688 expectandum
860 615 905 672 est
927 612 1079 688 videlicet,
1104 616 1138 671 ut

96 721 110 761 a
124 700 287 761 liberorum
308 703 525 777 parentumque
544 701 732 761 concordiam
749 703 902 778 perferant
919 701 1012 762 totius
1031 702 1138 761 marita

124 791 216 865 vitae,
239 791 269 848 et
290 792 326 848 ut
347 792 454 866 pietas,
476 793 595 865 natura,
618 792 741 868 sanguis
765 792 914 867 accipiant
932 790 1039 850 cotidie
1062 793 1138 849 tam-

125 897 217 955 quam
245 878 394 938 amicitiae
421 898 542 954 nexum,
570 881 600 938 et
622 880 681 938 nisi
703 898 756 940 vos
782 879 1032 956 promeruerimus
1055 878 1137 938 obse-

124 969 214 1044 quiis,
233 967 414 1042 adulatione,
432 969 588 1043 patientia,
601 970 731 1044 natales,
748 971 830 1028 ortus
849 971 880 1027 et
897 970 1023 1047 pignora
1041 971 1138 1044 prima

123 1053 300 1133 perierunt?
577 1066 585 1081 '

79 1167 109 1206 ro
193 1144 226 1203 Si
247 1145 352 1222 vultis,
379 1145 506 1222 iudices,
532 1147 568 1205 ut
593 1145 663 1206 huic
690 1147 803 1205 nomini
830 1146 912 1206 salva
936 1147 976 1204 sit
999 1148 1031 1204 in
1055 1146 1173 1204 omni8

123 1252 318 1310 personarum
336 1233 509 1294 diversitate
527 1236 689 1310 veneratio,
704 1236 815 1294 bonum
832 1238 948 1311 patrem
965 1235 1045 1294 filius
1064 1236 1137 1310 alat,

122 1325 172 1383 lex
193 1324 314 1381 malum.
354 1342 415 1382 non
436 1324 546 1383 faciam
567 1324 644 1382 hanc
666 1343 765 1383 rerum
787 1327 920 1399 naturae,
943 1343 1002 1382 non
1025 1325 1134 1383 faciam

124 1412 336 1471 contumeliam
362 1413 437 1490 legi,
464 1415 500 1472 ut
526 1430 662 1472 excusem
689 1415 737 1472 vel
763 1415 924 1488 pessimum
947 1415 1075 1489 patrem,
1104 1416 1139 1471 ut

123 1519 210 1561 sacro
232 1501 347 1559 nomini
364 1503 508 1577 temptem
530 1502 660 1580 gratiam
682 1505 783 1579 petere
803 1502 838 1560 de
856 1501 951 1561 venia.
989 1503 1045 1560 sim
1068 1501 1138 1560 lieet

80 1611 108 1652 rs
123 1589 253 1650 crudelis
277 1608 311 1648 ac
332 1608 445 1666 saevus,
467 1589 563 1649 filium
584 1592 685 1650 tamen
705 1582 821 1650 diutius
837 1591 943 1649 amavi,
981 1591 1138 1649 clauserim

121 1681 264 1756 paternos
291 1680 428 1755 penates,
456 1679 492 1738 de
519 1681 711 1755 testament0,
739 1681 775 1738 de
798 1699 849 1756 spe
875 1679 1065 1738 successionis
1089 1697 1136 1735 ex·

121 1767 266 1844 pulerim,
293 1770 477 1826 oneraverim
499 1768 626 1828 vinculis
650 1787 769 1843 manus,
796 1767 978 1827 foedaverim
1004 1766 1137 1826 membra

121 1856 308 1931 verberibus,
338 1857 469 1932 persolvi
501 1859 600 1936 gratia
631 1877 691 1916 non
722 1859 822 1933 potest
852 1876 906 1917 nec
935 1857 1014 1916 malo
1047 1857 1135 1931 patri.

122 1962 276 2023 arrogans,
293 1945 440 2021 impotens
459 1964 534 2021 sum,
555 1947 623 2005 nolo
643 1946 751 2005 cotidie
769 1946 883 2021 mereri,
903 1945 1045 2021 quicquid
1062 1945 1137 2003 mihi

81 2055 108 2095 ra
122 2033 225 2093 deberi
248 2035 346 2111 coepit
367 2037 463 2110 primo
487 2035 542 2095 die.
588 2035 700 2109 facilis,
727 2037 821 2111 mitis,
849 2034 1020 2112 indulgens,
1047 2051 1135 2093 voca-

120 2123 195 2182 bula
224 2124 293 2181 sunt
318 2122 379 2182 ista
408 2124 532 2183 minoris
562 2123 703 2183 adfectus.
748 2126 871 2200 propter
902 2124 975 2198 haec
1007 2125 1137 2182 aleretur

121 2211 244 2287 amicus,
266 2213 438 2286 pasceretur
460 2214 623 2272 extraneus.
661 2215 793 2272 vestrum
817 2214 888 2289 quin
911 2214 1002 2272 imm0
1026 2212 1136 2271 crimen

121 2303 168 2360 est
192 2299 272 2375 quod
298 2300 449 2360 interdum
477 2301 560 2361 aliud
583 2319 697 2360 sumus:
725 2305 755 2361 et
781 2334 819 2342 -
844 2301 922 2360 unde
944 2301 1136 2360 manifestum

121 2392 169 2450 est
191 2388 394 2450 diversitatem
416 2393 550 2450 nostram
572 2391 672 2449 venire
696 2390 732 2449 de
755 2390 885 2450 moribus
908 2390 1069 2449 liberorum
1092 2423 1135 2430 —

81 2498 106 2540 sa
120 2497 182 2538 non
204 2478 340 2538 invenias
364 2497 503 2555 asperum
529 2482 647 2555 patrem
669 2479 728 2538 nisi
754 2481 815 2539 iam
840 2481 990 2556 peccantis
1018 2479 1135 2537 aetatis.

121 2566 195 2644 quid
219 2564 284 2625 ais?
305 2567 429 2645 rigidus,
451 2569 575 2626 immitis
594 2587 672 2628 sum:
698 2568 764 2627 ideo
783 2587 879 2645 pasce,
902 2569 1021 2626 tantum
1038 2585 1135 2643 pasce,

119 2674 181 2716 non
204 2655 294 2714 ultra.
334 2657 415 2716 malo
437 2676 491 2733 pro
514 2657 680 2716 reverentia
702 2657 831 2716 nominis
854 2656 955 2715 nostri.
994 2655 1135 2731 quioquid

120 2745 283 2822 praestatis
309 2743 412 2818 inviti,
439 2748 470 2805 et
497 2764 565 2804 cum
593 2747 684 2804 alitur
710 2749 796 2821 pater
819 2765 906 2821 quem
934 2745 1066 2821 quereris
1089 2745 1134 2802 in-

120 2833 260 2912 dignum,
287 2835 419 2911 accipere
446 2835 521 2893 mihi
543 2835 682 2894 videntur
709 2852 810 2894 omnes
832 2837 978 2910 parentes.
1025 2835 1051 2892 si
1078 2835 1135 2909 vis,

193 3061 209 3111 6
227 3055 314 3111 hodia
336 3066 358 3109 v
424 3059 602 3126 praestarent
618 3066 659 3125 Β;
677 3058 886 3127 praestaretur,
905 3075 924 3110 n
942 3073 1016 3125 supr.
1031 3078 1063 3110 m

121 3132 138 3181 6
161 3130 362 3198 parentemque
380 3137 408 3181 Ρ
494 3127 650 3199 perierant:
675 3127 871 3198 praeferantur
889 3138 929 3195 P,
955 3128 1135 3197 proferente

121 3199 220 3255 trita
238 3211 253 3266 β
271 3201 349 3269 (corr.
364 3202 394 3270 s)
465 3202 499 3254 ut
522 3201 588 3264 ets
660 3205 754 3253 tvos:
778 3215 828 3253 nos
847 3211 883 3252 os
954 3199 1134 3268 {spatiantia

120 3276 350 3340 ometcupss
423 3270 567 3325 hortusv
639 3276 671 3324 11
692 3269 1081 3326 alatzliarasmaaa?

121 3345 155 3395 16
174 3356 272 3396 saevus
291 3357 324 3396 ac
343 3341 464 3396 erudelis
482 3351 511 3395 Β
593 3347 626 3396 16
644 3343 779 3412 poenates
797 3351 826 3395 Β
915 3347 948 3395 18
967 3342 1088 3412 gratiam
1107 3350 1135 3393 Β

121 3417 154 3466 19
177 3412 318 3482 impotens
341 3412 398 3467 sive
421 3431 483 3467 sum
502 3423 535 3480 P,
561 3412 618 3466 sive
636 3414 686 3468 del.
704 3435 726 3475 p
807 3419 840 3467 21
863 3411 946 3467 haec:
970 3413 1063 3466 hocs

120 3483 234 3538 alentur
251 3493 279 3538 Ρ
351 3490 385 3539 16
409 3488 470 3556 agris
487 3493 516 3537 Β
591 3490 624 3539 27
648 3483 755 3538 nomini
777 3487 872 3539 nostro
889 3494 918 3538 Β
995 3483 1134 3537 realiter

120 3564 148 3609 Β
217 3554 310 3624 queris
328 3565 356 3610 ι’
425 3561 459 3610 19
478 3554 602 3620 omnies
