2430 3952
347 204 582 261 DEOLAMATIO
601 199 691 260 XVIII
706 156 800 260 2-4.ι
1004 204 1072 270 323·

56 375 176 434 fectum.
212 393 297 434 rarus
320 375 369 434 hic
391 393 518 449 namque
542 374 580 432 ad
599 375 708 450 oscula,
731 374 860 434 difficilis
879 375 1071 452 amplexibus,

59 467 89 523 et
112 466 165 538 qui
185 465 306 524 unicum
329 466 474 539 aspiceret
497 464 595 522 animo
619 483 678 539 quo
701 464 879 540 quandoque
902 466 1002 540 posset
1024 484 1071 524 oc·

59 553 165 628 cidere,
178 553 258 628 fecit,
276 556 312 612 ut
328 552 490 612 notabilior
503 556 580 611 esset
594 554 702 612 caritas
721 554 834 611 matris.
868 554 963 612 omnis
977 554 1072 631 igitur

58 643 183 701 miserae
202 660 297 701 sermo
315 660 382 700 cum
395 641 467 717 filio,
482 642 577 700 omnis
592 641 623 699 in
637 642 790 718 publicum
803 643 916 718 pariter
930 660 1070 719 egressus.

32 730 208 808 agaudebat
239 734 329 790 etiam
357 731 437 807 quod
467 730 633 790 laudandus
667 731 848 806 occursibus,
881 731 959 805 quod
991 732 1072 789 omni

59 821 228 894 frequentia
255 822 398 895 coetuque
422 821 597 896 conspicuus
625 821 735 897 populo
757 822 819 878 iam
841 822 905 896 ipse
927 819 1073 879 fateretur

60 909 139 983 quod
170 909 237 985 plus
271 913 420 968 amaretur
453 929 471 968 a
501 911 605 968 matre.
651 909 844 986 miseremini,
876 908 1002 984 iudices,
1032 908 1107 967 ned

58 997 201 1056 nefandas
232 997 412 1075 suspiciones
440 999 582 1057 maritum
611 1017 646 1057 cx
674 998 765 1057 ullius
791 998 917 1057 traxisse
945 997 1071 1057 credatis

58 1086 189 1146 indiciis:
212 1106 299 1146 suum
321 1089 458 1164 rigorem,
482 1106 568 1146 suum
590 1089 709 1146 tantum
732 1090 848 1147 secutus
868 1089 912 1147 est
930 1088 1070 1145 animum.

19 1199 45 1238 ro
58 1175 154 1234 filium
173 1177 199 1235 si
216 1195 276 1235 non
295 1195 384 1251 amos,
402 1177 541 1235 videatur
557 1176 615 1234 tibi
632 1179 728 1235 mater
747 1160 921 1235 adamasse?
958 1178 1071 1252 quaesi·

58 1266 160 1322 turum
183 1284 261 1324 nunc
283 1284 343 1341 me,
366 1265 489 1339 iudices,
512 1267 627 1341 putatis
650 1265 686 1324 de
709 1266 831 1324 licentia
854 1266 995 1324 sermonis
1018 1265 1071 1324 hu·

58 1351 161 1411 mani?
199 1372 253 1430 ego
274 1373 344 1413 vcro
366 1353 451 1412 iuxta
473 1354 552 1412 hunc
574 1356 691 1430 patrem
713 1373 773 1413 non
792 1372 896 1412 accuso
914 1373 1071 1413 rumorem·

60 1461 135 1516 quae
162 1444 289 1501 materia
313 1441 432 1500 fabulae
455 1444 519 1500 tam
545 1443 729 1518 inpudentia,
763 1444 815 1518 qui
841 1443 933 1501 fuerit
960 1446 1071 1517 auctor,

58 1532 115 1588 iste
138 1530 278 1604 probavit
301 1532 353 1606 qui
376 1530 509 1590 credidit.
554 1531 732 1590 facillimum
754 1531 821 1606 fuit,
845 1534 879 1590 ut
900 1531 1072 1607 loqueretur

18 1641 45 1683 15
60 1618 188 1695 populus
216 1620 252 1678 de
278 1621 404 1694 incesto,
433 1620 468 1679 de
496 1639 554 1694 quo
581 1620 747 1679 mirabatur
773 1623 889 1696 patrem
919 1620 1070 1697 suspicari.

59 1708 133 1766 haec
160 1711 241 1783 sunt,
269 1708 394 1783 iudices,
425 1728 500 1784 quae
527 1712 624 1768 mator
650 1709 722 1768 iecit
749 1727 861 1783 secure,
889 1709 1072 1785 simpliciter,

59 1797 170 1873 palam,
194 1815 293 1855 coram
315 1799 432 1872 marito,
456 1816 556 1857 coram
577 1799 707 1857 civitate.
753 1798 864 1857 referat
885 1817 963 1856 nunc
986 1817 1072 1857 suum

59 1888 117 1945 iste
136 1888 288 1944 secretum.
326 1888 471 1961 iuvenem,
491 1905 566 1962 quae
583 1887 766 1965 integritatis
785 1889 882 1963 prima
896 1887 1071 1964 simplicitas

59 1978 116 2048 est,
145 1975 221 2033 nihil
247 1976 403 2034 timentem
430 1978 463 2034 in
489 1979 606 2052 partem
634 1975 737 2035 domus
761 1995 820 2051 qua
847 1977 931 2035 nulla
957 1977 1072 2052 procla·

18 2085 45 2125 ao
59 2065 162 2139 matio,
185 2065 284 2123 nullus
307 2067 426 2141 poterat
448 2066 576 2142 gemitus
597 2065 702 2140 audiri,
725 2067 834 2142 rapuit,
858 2065 988 2123 abduxit.
1029 2066 1071 2124 ibi

60 2153 239 2228 verberibus,
262 2154 391 2230 ignibus,
415 2156 496 2212 omni
519 2154 704 2214 crudelitatis
727 2157 791 2213 arte
815 2155 1019 2230 consumpsit

125 2240 196 2310 Quis
219 2261 364 2317 unquam,
387 2244 512 2318 iudices,
535 2245 619 2319 peius
644 2244 680 2303 dc
701 2244 872 2303 innocentia
894 2245 1071 2320 temporum,

58 2329 94 2388 de
122 2331 213 2389 sacris
240 2332 349 2390 meruit
378 2329 562 2391 adfectibus?
588 2333 678 2392 torsit
704 2332 811 2407 filium,
839 2334 873 2390 ut
896 2332 1071 2409 probaretur

58 2419 216 2491 incestum3
241 2421 357 2494 occidit,
379 2423 414 2479 ut
437 2421 613 2480 crederetur.
650 2422 751 2498 ponite
773 2440 851 2480 nunc
875 2420 1071 2495 antaocu108,

15 2529 42 2570 25
57 2507 178 2582 iudices
201 2507 326 2566 duorum
349 2513 507 2586 parentum
531 2510 750 2569 confessionem.
792 2512 888 2570 mator
912 2503 1070 2568 exclamat:

56 2595 151 2654 filium
175 2596 286 2672 amaui3
308 2601 394 2674 pater
411 2597 497 2657 dicit:
521 2599 622 2658 occidi.
659 2598 742 2658 nefas
766 2601 811 2658 est
833 2594 1000 2674 utrumque
1016 2617 1070 2673 pu-

55 2687 126 2744 tetis
144 2685 338 2745 innocentem.
375 2687 437 2744 iam
459 2686 587 2766 quidem,
610 2690 817 2747 nocentissimo
840 2706 936 2761 senex,
960 2686 1070 2764 grando

56 2774 255 2851 deprehensae
277 2774 407 2834 feritatis
430 2774 573 2835 indicium
597 2779 641 2836 est
665 2777 756 2852 quod,
785 2772 852 2835 cum
873 2775 969 2833 filium
994 2775 1068 2834 occi·

128 2988 142 3035 1
163 2981 244 3036 ad-
255 2980 424 3048 quandoque
443 2980 484 3035 bia
497 2988 526 3032 Β
608 2981 724 3054 bosculo
743 2983 784 3051 (ia
802 2982 959 3051 repetitione
976 2979 996 3032 h
1014 2997 1071 3035 noa

57 3054 118 3176 dcl)
132 3062 161 3106 Β
230 3051 355 3122 ipossit
374 3073 393 3103 a
464 3050 633 3107 blaudatus
651 3053 710 3108 Sea.
780 3051 919 3122 dpopulo
938 3053 969 3105 ia
983 3069 1068 3122 marp.

56 3125 93 3178 ad
115 3134 153 3176 ,Β
242 3123 478 3195 ip3lse(cr.s)V
564 3128 775 3179 lneomJW
859 3122 1009 3187 Silliuso

57 3199 91 3248 10
110 3210 185 3248 ames
203 3196 235 3250 ta
252 3205 344 3250 raab
418 3199 449 3248 11
468 3194 673 3262 humanisfl·
711 3201 743 3249 12
762 3195 884 3248 iustam
954 3200 987 3248 13
1006 3195 1068 3263 quis

56 3391 132 3444 certo
150 3398 211 3472 Βῆ
228 3355 336 3444 inoedto
354 3399 392 3460 Β,
411 3407 479 3446 corr.
494 3412 527 3443 u·
616 3395 649 3445 22
668 3355 812 3461 tempdum
830 3400 858 3444 Β
875 3392 952 3461 (corr.
968 3389 1019 3460 W)

56 3519 90 3568 24
108 3477 199 3584 petite
217 3523 245 3567 Β
327 3521 361 3570 26
381 3518 415 3569 ut
431 3517 582 3584 utrumqne
599 3529 620 3588 a,
665 3597 685 3603 ..
704 3521 738 3573 28
757 3481 946 3586 deprehensas
964 3524 993 3568 Β

54 3585 191 3640 iudicium
208 3594 273 3652 Βνρ

859 3675 915 3729 ‘lb'
