2430 3952
123 174 191 237 ³270
429 199 431 202 >
513 172 588 226 oon
605 171 712 228 ΡΟΤΙΟ
730 174 743 226 I

126 361 216 417 quem
247 342 313 400 ideo
345 344 464 400 tantum
495 339 634 400 meretn‘x
665 341 784 414 habuit,
813 345 853 399 'ut
884 342 936 400 illo
970 345 1078 402 contre
1111 363 1142 404 se

125 433 267 490 uteretur.
770 430 771 433 ’

192 520 240 577 Me
258 520 385 595 quidem,
404 519 524 594 iudiceS,
543 521 569 579 si
588 520 653 594 quis
671 520 844 596 interroget,
862 521 895 576 in
914 523 1141 596 comparatione

125 606 260 667 veneficii
278 608 314 667 de
332 628 391 684 quo
411 627 525 684 queror,
548 610 645 667 minus
669 607 764 666 odisse
788 598 893 666 debeas
918 610 998 683 quod
1019 612 1140 670 occidit.

126 701 156 756 'et
183 700 209 756 si
231 717 291 774 qna
318 717 352 756 ex
379 699 452 773 ipsis
480 716 597 773 quoque
624 697 785 756 mortiferis
812 698 934 755 mitiora
962 701 1033 757 sunt
1062 719 1140 775 quae
1167 721 1177 760 s

125 789 228 845 statim
250 789 317 845 tota
339 787 497 845 velocitate
521 788 694 864 grassentur
716 789 747 843 et
769 785 902 844 dolorem
923 787 1003 845 inter
1024 790 1141 848 exitum
1201 837 1203 840 ,

124 878 277 951 vitamque
301 895 361 934 non
384 875 530 949 detinent,
557 877 602 933 ita
630 875 776 934 crudelius
800 876 880 950 quod
906 876 948 934 sic
971 877 1140 953 ordinatur,

125 968 159 1023 nt
182 967 312 1040 corporis
335 967 440 1040 parcat
457 965 597 1038 invidiae,
621 966 651 1022 et
674 965 714 1023 sit
730 966 850 1021 tantum
869 966 963 1022 enimi
980 985 1139 1025 venenum.

125 1054 197 1128 quid
220 1051 285 1113 ais?
306 1072 366 1111 non
389 1057 434 1113 est
456 1055 577 1111 noxium
600 1055 690 1127 virne,
713 1053 772 1112 nisi
794 1052 874 1127 quod
897 1052 1027 1112 occidit?
1065 1056 1139 1131 quid

118 1162 194 1220 ergo
222 1161 394 1201 vocaremus
426 1143 503 1200 illud
530 1162 587 1218 quo
619 1143 734 1200 lumina
764 1142 828 1201 sola
854 1145 1043 1218 raperentur,
1079 1164 1139 1220 quo
1155 1165 1177 1205 rc

123 1251 192 1307 pars
217 1232 317 1307 aliqua
340 1231 539 1290 membrorum
562 1230 716 1289 debilitate
738 1229 961 1308 languesceret?

191 1321 236 1378 Tu
253 1324 284 1379 te
302 1320 462 1379 veneficam
475 1340 566 1398 negas
581 1339 656 1395 quae
674 1322 758 1395 potes
777 1321 898 1395 potione
917 1320 1023 1393 facere,
1041 1341 1138 1396 quan·

124 1412 190 1468 tum
213 1409 353 1484 offensae,
382 1413 527 1485 quantum
549 1410 608 1483 ira,
632 1411 777 1484 quantum
800 1407 904 1468 dolor?
950 1409 1064 1469 amabit
1089 1413 1139 1470 cui

124 1501 306 1575 permiseriS,
334 1500 518 1558 execrabitur
540 1499 592 1556 ille
620 1517 707 1574 quem
733 1499 866 1556 iusseris:
895 1500 1041 1573 accipient
1065 1519 1085 1558 a
1108 1504 1138 1559 te

125 1587 271 1647 desideria
293 1592 395 1647 nostra
418 1590 530 1662 ortum,
552 1587 654 1662 finem,
676 1586 805 1645 modum.
851 1605 921 1645 sane
944 1589 975 1645 et
997 1607 1084 1646 amor
1108 1592 1138 1648 et
1151 1609 1175 1649 rs

125 1678 226 1735 odium
253 1679 398 1737 naturalis
425 1677 562 1735 videatur
589 1676 724 1750 affectus,
751 1674 925 1734 veneficium
952 1679 1034 1750 sunt,
1067 1697 1137 1736 cum

124 1766 271 1824 iubentur.
309 1764 403 1842 quid?
426 1765 506 1842 quod
527 1785 587 1824 non
609 1767 709 1839 potest
731 1784 790 1822 non
813 1764 921 1825 habere
943 1767 1005 1824 vim
1028 1770 1138 1826 veneni

125 1854 204 1929 quod
232 1858 335 1913 contra
362 1855 547 1913 voluntatem
577 1853 693 1912 homini
724 1851 832 1912 detur?
877 1853 963 1912 video
992 1873 1046 1912 cur
1078 1856 1138 1914 sibi

123 1943 270 2002 medicina
292 1945 449 2018 permittat
467 1963 623 2018 corporum
641 1945 717 2001 vitia
740 1942 996 2018 membrorumque
1015 1944 1137 2005 morbos

123 2033 229 2090 infusis
247 2032 491 2091 medicaminibus
510 2032 663 2106 expellere,
687 2034 717 2089 et
735 2034 797 2091 sine
816 2032 932 2090 animae
951 2033 1136 2109 spiritusque
1151 2055 1177 2094 so

124 2123 298 2197 contagione
326 2139 516 2196 quaecunque
545 2123 723 2180 extrinsecus
748 2121 897 2195 accidunt,
925 2123 1047 2197 potione
1070 2125 1137 2181 vin·

124 2212 238 2267 cuntur.

90 2304 104 2357 7
191 2299 259 2356 Non
286 2301 385 2373 potest
412 2299 490 2356 ullus
518 2299 651 2358 adfectus
679 2299 795 2358 sedibus
819 2301 879 2358 suis
904 2319 958 2375 per
980 2301 1063 2358 virus
1088 2321 1137 2360 ex·

124 2388 197 2463 pelli
223 2388 282 2446 nisi
308 2389 438 2446 totorum
471 2390 659 2447 concussione
691 2389 830 2446 vitalium
864 2391 907 2462 et,
937 2407 1003 2446 curn
1033 2389 1138 2449 anima

124 2479 239 2536 constet
262 2496 296 2534 ex
319 2476 464 2549 sensibus,
488 2495 679 2551 quaecunque
703 2478 818 2536 auferre
845 2478 1052 2553 temptaveris,
1080 2479 1138 2538 illa
1152 2499 1177 2538 ss

124 2568 226 2626 statim
253 2567 351 2640 prima
377 2565 471 2624 nostri
501 2568 586 2641 parte
618 2567 766 2641 prioribus
794 2569 909 2624 retento
941 2565 1138 2643 confectoque

194 2807 362 2860 4debeats
416 2806 475 2860 tsi
489 2805 551 2874 quis
566 2815 626 2872 BV3
646 2807 669 2858 si
684 2822 738 2873 que
752 2815 793 2872 Μ;
809 2806 833 2858 si
847 2821 903 2874 qua
918 2819 975 2873 sm,
995 2806 1101 2859 sicuts

123 2894 193 2947 ques
207 2887 234 2930 B
292 2879 486 2932 terassantnr
499 2887 551 2929 BV
609 2883 698 2931 7non
712 2890 791 2941 ocis
845 2877 1014 2945 Scorporis:
1034 2880 1137 2932 mortis

122 2949 182 3005 Scin
271 2949 406 3003 invidiae:
430 2948 550 3002 iniuriae
569 2949 624 3002 Bo.
716 2947 753 3001 sit
775 2954 962 3017 om.15;post
985 2947 1072 3001 animi
1099 2951 1136 3004 le-

120 3021 195 3090 pitur
213 3021 245 3074 ie
263 3030 295 3072 Μ
374 3026 405 3073 11
425 3020 685 3090 languescereturo
766 3025 797 3072 12
817 3019 1020 3073 veneficiums
1106 3037 1138 3075 o·

121 3091 226 3144 tionem
244 3101 272 3143 B
361 3097 393 3144 13
413 3094 549 3160 quantum
567 3097 630 3145 cote
648 3091 691 3144 ire
710 3108 776 3146 cros.
798 3091 919 3161 (lacerno)
939 3100 970 3143 Μ
1053 3038 1137 3146 dolor

122 3161 242 3214 suaserit
260 3172 292 3214 Μ
343 3163 496 3216 amabats
569 3168 601 3215 15
621 3179 688 3216 sane
707 3178 770 3215 eum
789 3164 818 3215 et
836 3171 868 3214 Μ
938 3168 970 3215 16
989 3160 1136 3218 naturales

121 3233 304 3286 videanturs
340 3239 372 3286 19
391 3234 560 3288 medicinam
573 3243 625 3286 BV
663 3238 696 3286 20
716 3233 831 3302 spiritus
845 3242 908 3301 ΒΜ,
928 3249 982 3301 que
995 3250 1070 3301 supr.
1083 3243 1136 3287 cm

122 3309 156 3358 23
175 3303 249 3357 ullus
269 3316 296 3357 s:
316 3303 392 3358 illius
411 3314 470 3373 BV3
488 3304 573 3358 ullius
593 3314 659 3369 Meo
728 3310 762 3357 24
780 3307 840 3358 toto
859 3308 951 3370 torum
969 3313 996 3356 B
1068 3320 1136 3358 con-

123 3375 278 3429 cussionem
296 3385 324 3427 B
412 3381 445 3430 25
470 3376 616 3430 exensibus
635 3385 673 3445 B,
697 3395 709 3431 s
729 3386 840 3446 sepul·
929 3391 1135 3444 quemcumque

122 3492 184 3547 Beer
236 3465 330 3536 aufcde
344 3492 371 3535 B
440 3488 472 3535 26
492 3488 555 3536 crete
573 3482 712 3551 prioribus
731 3483 795 3538 odd.
816 3483 1017 3538 subtrahuntur
1031 3490 1064 3534 Μ

121 3553 261 3623 prioribus
279 3557 400 3608 retento:
421 3554 582 3622 corporibus
600 3556 710 3608 retenta
730 3568 757 3622 33
776 3555 919 3624 peioribus
937 3554 1015 3609 Dese.
