2430 3952
463 200 804 256 DECLAMATIOXVIL
1073 198 1141 262 423

123 371 212 428 timet
241 370 422 445 deprehendi
451 372 587 448 quisquis
617 390 764 430 venenum
795 372 884 448 parat
913 371 977 444 ipse
1007 371 1141 444 poturus.

116 461 228 532 nescis,
246 462 341 534 pater,
359 462 463 535 nescis,
481 492 519 500 —
535 460 689 536 parricidii
708 461 780 537 agis.
818 460 983 518 exclamare
1001 459 1057 517 hoo
1076 458 1141 516 loco

123 567 257 623 possum:
286 548 351 608 fieri
378 568 438 608 non
467 552 575 625 potest.
623 552 741 624 patrem
772 547 847 606 mihi
876 547 1037 606 abstulisti.
1081 565 1142 606 non

123 635 215 696 habet
242 640 330 713 pater
365 639 443 698 unde
476 639 658 715 parricidam
687 637 789 697 credat
817 637 927 710 filium,
961 636 1020 697 nisi
1054 655 1143 712 quem

95 727 223 801 spotuit
255 727 394 786 cocidere.
436 747 514 786 nunc
542 726 745 804 quaerendum
780 729 826 785 est
855 746 908 785 cur
936 727 1037 800 potuit
1066 725 1141 783 fieri.

123 815 156 872 P.
177 834 210 873 eo
235 816 314 890 quod
338 818 421 876 volui
449 817 594 876 abdicare.
635 818 672 875 F.
692 819 781 891 etqui-
802 834 889 890 posse
917 814 1056 874 desiisti.¹
1082 832 1143 873 non

123 904 266 978 sequitur,
284 908 379 981 peter,
398 910 432 964 ut
450 926 497 964 me
515 908 576 966 tuis
595 923 714 965 accuses
734 904 916 964 criminibus.
944 921 1028 979 ‘ques
1047 905 1142 978 parri-

114 993 195 1051 cidii
212 997 356 1069 praemisi
373 993 480 1055 notes?
516 994 627 1059 nullius
644 995 762 1054 sceleris
780 995 942 1069 praecessit
960 994 1142 1069 malignitas.

114 1084 298 1152 aestimetur
326 1086 404 1142 unde
433 1085 575 1143 facinoris
608 1088 673 1142 tam
703 1084 816 1143 subitas
850 1083 1000 1141 induerim
1030 1098 1142 1141 causas.

75 1191 109 1229 ἰο
123 1170 212 1230 fidem
241 1191 301 1231 non
332 1175 427 1247 capit,
456 1176 491 1232 ut
520 1175 581 1232 tres
609 1173 810 1233 absolutiones
840 1175 871 1231 et
900 1173 1089 1232 innocentem
1113 1174 1143 1230 et

123 1260 304 1335 parricidam
327 1262 467 1322 efficiant.
513 1281 579 1336 our,
602 1263 738 1337 inquam,
762 1263 862 1336 potuit
883 1259 969 1320 fieri?
1009 1260 1043 1318 P.
1063 1259 1143 1336 quod

123 1349 159 1407 de
177 1352 357 1410 testamento
376 1351 492 1426 aliquid
509 1351 658 1426 sperabas,
699 1353 737 1410 F.
756 1350 829 1425 quid
847 1366 972 1425 sperem,
990 1349 1022 1407 P.
1043 1347 1083 1422 0„
1105 1348 1143 1408 de

122 1439 283 1513 parricidio
302 1459 367 1499 meo
386 1443 497 1499 totiens
511 1440 637 1513 delatus,
656 1441 767 1499 totiens
785 1442 912 1515 patema
931 1440 1142 1515 conquestione

122 1528 264 1602 perditus.
306 1528 426 1588 defendi
455 1548 516 1588 non
544 1532 695 1605 poteram,
725 1531 751 1588 si
773 1528 898 1588 bibisses
928 1530 964 1586 tu
986 1546 1141 1586 venenum.

80 1635 107 1674 ‚15
122 1615 200 1694 finge
227 1619 329 1676 tamen
356 1637 489 1692 causam,
517 1617 596 1696 finge
619 1619 791 1677 utilitatem.
833 1635 912 1675 nunc
940 1616 1143 1692 quaerendum

123 1708 168 1764 est
191 1707 340 1780 quomodo
358 1707 424 1765 fieri
442 1707 549 1783 potuit.
591 1708 763 1766 ministrum
785 1726 845 1765 non
863 1705 966 1781 habeo,
990 1705 1143 1764 conscium

114 1814 182 1853 non
200 1797 328 1855 invenio.
371 1797 518 1871 quomodo
536 1796 602 1855 fieri
619 1794 739 1871 potuit?
780 1797 814 1854 P.
833 1795 974 1871 sperabas
992 1796 1056 1870 ipse
1075 1813 1142 1870 por-

121 1886 226 1960 rigere.
243 1930 246 1936 .
264 1886 300 1944 F.
321 1904 337 1943 ο
358 1904 449 1960 quam
467 1886 659 1945 facilismihi
674 1885 795 1944 autuos
815 1887 969 1944 convietus
988 1882 1143 1943 accessus?

122 1973 279 2047 quomode,
302 1975 435 2049 inquam,
458 1974 529 2033 fieri·
545 1973 668 2050 potuit?
709 1975 742 2032 Ρ.
763 1974 941 2049 quandoque
964 1975 1142 2048 pervenires.

80 2082 107 2120 eo
121 2063 158 2120 F.
178 2065 249 2121 esto.
291 2083 439 2123 vencnum
461 2066 541 2123 certe
563 2064 684 2139 putabis
708 2064 851 2139 quicquid
873 2065 930 2122 hae
954 2064 1142 2138 porrexerint

77 2212 94 2219 ,,
121 2170 234 2210 manus.
277 2153 424 2228 quomodo
442 2152 508 2212 ficri
525 2151 646 2228 potuit?
687 2153 720 2224 Ρ,
741 2153 918 2228 quandoque
939 2151 1141 2227 persuaderes.

120 2242 157 2298 F.
177 2241 256 2300 cedo.
300 2242 384 2317 atqui
408 2261 494 2301 omne
522 2245 604 2302 virus
632 2245 686 2301 aut
709 2242 807 2302 subito
831 2241 955 2317 corripit
983 2245 1036 2300 aut
1058 2242 1141 2299 lenta

112 2333 204 2407 ¹peste
232 2334 387 2391 consumit.
430 2334 456 2390 si
482 2333 614 2407 primum
647 2331 767 2406 dedero,
798 2333 900 2391 statim
931 2330 1142 2406 deprehendes,

121 2420 148 2476 si
177 2420 352 2494 secundum,
382 2431 432 2479 mc'
458 2440 531 2496 prae
561 2422 666 2495 ceteris
696 2418 817 2480 deferes.
864 2419 1024 2494 attendite,
1047 2418 1081 2476 P.
1102 2417 1142 2493 (t,

80 2527 106 2566 25
122 2507 276 2583 attendite,
297 2512 355 2586 qui¹
368 2509 453 2586 mori,
471 2511 531 2569 nisi
549 2509 762 2586 deprehendor‚
785 2528 846 2567 non
863 2527 994 2584 possum,
1018 2508 1067 2567 oui
1089 2525 1142 2582 pa·

120 2614 188 2654 rare
211 2615 359 2655 venenum
381 2596 522 2673 possum?
562 2600 625 2658 iem
643 2597 719 2658 silet.
761 2599 823 2656 iam
841 2616 901 2656 non
920 2596 1031 2656 suffieit
1054 2615 1072 2674 a
1095 2615 1142 2655 me

121 2684 278 2760 depulsum
301 2704 363 2745 esse
386 2687 490 2761 scelus,
512 2687 571 2748 nisi
594 2690 625 2746 et
641 2687 699 2746 tibi
722 2688 897 2765 assignetur.
938 2688 973 2745 tu
997 2704 1066 2762 ergo
1091 2705 1143 2744 cur

120 2793 181 2832 non
200 2773 352 2850 effudisti?
392 2775 425 2832 P.
446 2774 525 2851 quod
544 2777 670 2834 terelle
688 2777 765 2834 mori
783 2795 843 2834 non
865 2774 983 2834 credidi.
1026 2776 1062 2833 F.
1082 2793 1142 2833 non

121 2862 276 2942 credidisti
294 2866 325 2923 et
343 2864 476 2938 noluisti,
495 2867 548 2923 aut
566 2883 626 2937 non
640 2865 794 2937 credidisti
812 2868 842 2923 et
860 2862 991 2923 voluist‘.
1033 2864 1066 2920 P.
1081 2882 1142 2924 non

79 2946 235 3013 so‘credidi
262 2956 292 3011 et
322 2953 413 3012 nolui.
455 2953 491 3012 F.
512 2955 598 3028 atqui
625 2973 684 3012 non
712 2953 858 3026 credentis
886 2956 917 3012 et
943 2953 1072 3013 nolentis
1096 2955 1142 3011 est

121 3059 175 3099 nec
203 3041 350 3102 effundere
380 3062 434 3101 neo
465 3042 576 3102 offerre.
623 3062 682 3102 non
711 3042 856 3114 credentis
885 3045 916 3100 et
940 3042 1068 3102 volentis
1097 3044 1142 3102 est

194 3229 285 3282 ‘Ituis
305 3247 355 3285 occ.
372 3240 399 3282 Ρ
482 3230 676 3300 8promisi1’
757 3235 789 3284 10
809 3231 901 3298 capud
921 3240 948 3282 Ρ
1028 3235 1059 3282 11
1081 3228 1142 3282 affi-

114 3298 199 3362 ciant
223 3310 268 3353 ΡΒ
361 3307 393 3362 lb
413 3316 513 3364 carues
536 3310 589 3364 ΡΒ,
664 3307 704 3367 ¹lt}
724 3301 886 3356 convinctus
906 3312 933 3354 Ρ
1021 3305 1055 3353 20
1073 3300 1140 3354 hae:

121 3386 222 3426 caecae
242 3383 269 3425 Ρ
352 3378 385 3426 22
406 3375 456 3426 aut
470 3373 552 3442 prius
570 3390 620 3428 om.
641 3382 686 3426 VB
774 3373 932 3441 corrumpit
946 3393 981 3439 ως
1000 3388 1069 3428 corr.
1084 3373 1139 3436 Bu.

121 3447 155 3495 23
169 3445 261 3511 peste:
277 3459 329 3513 pra
343 3453 388 3497 VB
441 3449 474 3498 25
490 3443 558 3498 nisi:
572 3461 629 3498 non
648 3453 693 3496 ΡΒ
746 3443 941 3513 deprehendar
956 3454 983 3496 Ρ
1036 3448 1069 3496 26
1084 3460 1141 3496 non

119 3530 235 3584 possum
250 3524 339 3569 lew«
380 3521 415 3569 27
429 3514 502 3570 ἰιιίεἰε
521 3515 620 3584 nbi-Vs
634 3515 720 3570 vestri
733 3524 761 3568 Β
788 3553 791 3560 .
814 3520 847 3568 28
868 3515 939 3584 quia
953 3524 999 3568 VB
1052 3519 1085 3568 31
1105 3530 1140 3569 ne

120 3584 220 3640 offerre
243 3595 288 3639 VB
359 3592 392 3642 31
403 3618 438 3629 -
448 3604 475 3659 p.
490 3588 576 3643 4241.
591 3592 607 3643 1
622 3603 680 3641 non
697 3586 866 3642 offensem.
885 3595 934 3640 VB
949 3624 952 3630 -
1105 3610 1107 3614 ⁸
