2430 3952
137 195 179 259 56
482 193 589 248 uinus
608 193 797 247 Murmure

138 365 304 439 quicunque
328 381 411 422 cesus
434 366 548 437 manet,
575 364 692 421 etiamsi
714 366 744 421 te
768 363 929 438 imperator
952 363 1153 424 damnaturus

139 455 191 525 est,
214 452 303 511 hebes
328 451 481 511 solatium:
508 453 600 511 satius
624 455 669 510 est
692 471 781 527 quem
804 455 930 528 epatre
954 451 1056 512 occidi.

86 541 122 597 18
204 542 246 600 At
273 541 432 618 propincus
464 539 493 598 0.
517 541 594 599 Mari
621 541 687 599 fuit.
733 542 921 618 corrumpitis
948 541 1089 616 iudicem,
1121 545 1153 601 et

139 632 237 688 enimc
256 631 391 706 alioquin
413 629 473 689 levi
496 632 610 706 gratiae
628 629 743 704 pondus
761 632 922 705 imponitis.
959 633 1151 707 propinquus

137 722 205 777 tuus
235 720 300 776 fuit.
347 738 364 777 o
392 738 455 776 rem
485 718 619 776 omnibus
648 719 839 792 narrandam,
870 737 937 777 cum
969 719 1150 779 absolveris!
1180 741 1193 780 s

137 827 207 866 nem
226 809 252 866 si
270 807 341 883 quid
359 807 415 865 tibi
433 807 584 865 iudicandi
602 807 673 866 fides
692 811 745 866 tua
768 826 857 866 cause
875 807 970 867 facore
988 809 1150 884 permittit,

138 898 250 974 cogites
277 897 410 973 profecto
438 898 582 972 quantum
609 896 666 954 tibi
692 897 748 954 hoc
776 897 874 972 ipsum
904 897 982 972 apud
1012 898 1149 957 aemulos

137 1004 210 1061 quos
229 985 390 1045 virtutibus
413 985 545 1059 offendis,
569 984 738 1045 adlaturum
757 987 796 1044 sit
817 985 957 1059 invidiae,
980 1004 1047 1044 cum
1065 987 1150 1046 vide-

136 1074 214 1132 beris
244 1075 295 1132 eut
323 1077 524 1149 conuptorem
552 1074 657 1133 militis
689 1075 833 1133 iudicasse
864 1073 1062 1149 innocentem,
1093 1079 1150 1135 aut

137 1163 338 1238 propinquum
366 1166 451 1221 tuum
479 1162 570 1221 etiam
591 1163 741 1222 vindicare
768 1165 929 1222 nocentem.
955 1164 1048 1229 *olim
1074 1163 1148 1238 iam,
1165 1187 1192 1225 ro

137 1253 306 1328 imperator,
325 1252 404 1309 inter
422 1252 568 1329 fulgentes
582 1252 707 1311 virtutes
726 1255 793 1312 tuas
812 1253 889 1311 livor
906 1252 1005 1311 locum
1019 1255 1149 1328 quaerit,

138 1342 168 1398 et
195 1344 303 1399 natura
326 1340 445 1416 quidem
473 1340 608 1400 omnibus
634 1342 777 1400 novitatis
804 1344 992 1400 incrementis
1021 1342 1150 1402 adverse

137 1429 278 1488 nobilitas
308 1431 367 1489 tuis
397 1431 497 1488 tamen
526 1429 665 1489 laudibus
695 1448 796 1505 presse
827 1432 856 1488 et
884 1429 990 1488 obruta
1019 1432 1150 1490 rimetur

137 1517 319 1578 occasionem
338 1519 502 1579 criminum.
539 1519 644 1594 quodsi
662 1519 735 1579 bene
753 1520 898 1578 invidiam
912 1520 990 1594 novi,
1005 1520 1060 1578 hoc
1074 1540 1150 1596 quo·

138 1626 193 1682 que
212 1607 270 1665 tibi
288 1607 432 1667 obicietur
450 1607 529 1683 quod
552 1608 659 1667 saltem
681 1610 864 1684 propinquus
882 1610 951 1667 tuus
970 1612 1148 1683 peccaverit.
1164 1629 1190 1669 15

137 1715 228 1771 quare
252 1697 431 1756 abdicandus
460 1700 490 1756 et
516 1691 738 1774 <eb>iurandus
762 1699 806 1756 est
833 1715 892 1756 non
919 1701 988 1757 tuus
1015 1699 1147 1775 sanguis.

137 1789 215 1844 certe
242 1785 317 1843 nihil
344 1787 440 1844 minus
469 1787 713 1845 committendum
740 1807 830 1862 quem
856 1790 889 1845 ut
916 1788 1067 1845 ulciscaris
1090 1787 1149 1846 hoc

136 1874 284 1950 flagitium
306 1875 338 1931 in
361 1893 395 1933 eo
418 1877 594 1950 praesertim
616 1876 668 1950 qui
691 1875 771 1951 apud
798 1876 944 1952 malignos
967 1875 1079 1950 poterit
1102 1877 1148 1934 vi-

138 1962 201 2020 deri
223 1965 253 2021 te
276 1965 466 2037 permittente
489 1963 599 2022 fecisse.
638 1984 676 2022 en
698 1964 759 2037 ille,
783 1965 808 2022 si
826 1984 968 2040 umquem
986 1965 1149 2041 cogitasset

138 2069 168 2108 se
191 2053 390 2127 propinquum
412 2054 506 2127 tuum,
529 2071 588 2110 non
606 2053 660 2110 has
678 2054 812 2128 virtutes
835 2055 913 2112 inter
931 2072 1005 2129 quas
1024 2054 1148 2112 fortuna
1162 2075 1189 2114 20

137 2141 191 2197 tue
209 2141 332 2198 minima
351 2143 404 2214 est,
419 2160 486 2200 cum
504 2142 532 2199 ei
545 2142 628 2199 velut
646 2144 767 2217 propius
787 2143 986 2218 contemplere
1005 2142 1147 2218 licuisset,

137 2231 201 2288 toto
229 2232 346 2304 pectore
376 2230 494 2288 haurire
521 2229 675 2306 debuerat,
705 2250 764 2290 non
794 2232 862 2289 huic
890 2231 1053 2289 affinitatis
1074 2249 1148 2291 suae

137 2318 276 2376 felicitati
307 2318 415 2377 referre
447 2317 596 2396 gretiam?
640 2320 750 2379 milites
780 2324 810 2378 te
842 2321 947 2379 melius
979 2321 1146 2379 imitantur.

138 2407 243 2483 quodsi
269 2411 337 2483 post
364 2409 440 2467 hanc
467 2411 595 2467 mentem
623 2410 736 2468 viveret
765 2409 916 2483 tribunus,
948 2411 1148 2469 necessarium

138 2497 264 2556 forsitan
292 2499 356 2555 erat
385 2498 440 2555 hac
468 2516 584 2575 quoque
614 2518 681 2557 eum
710 2499 819 2581 premil
834 2498 948 2557 invidia
977 2497 1056 2574 quod
1085 2499 1147 2558 iste
1163 2519 1189 2559 2⁵

210 2689 224 2736 3
250 2684 418 2754 pro{pincus
443 2693 482 2751 Β;
510 2685 682 2753 propinquus
707 2687 807 2754 reliqui
913 2685 985 2738 Mari
1008 2695 1036 2752 νς
1062 2685 1148 2739 Marii

137 2757 217 2809 ceteri
287 2755 416 2808 4enimo
436 2773 469 2809 erc
487 2771 577 2809 ammo
596 2765 624 2808 Β
694 2757 810 2825 cquid:
830 2756 879 2824 qui
892 2766 920 2809 Β
972 2756 1150 2810 iudicantis

138 2826 531 2880 8invidicezinvidiaest13
582 2827 722 2881 videberis
736 2836 775 2893 Β;
794 2845 833 2880 ore
848 2827 997 2881 videaris?
1052 2832 1148 2882 9101-

136 2899 282 2966 ruptorum
300 2906 328 2949 Β
408 2903 440 2951 10
464 2901 610 2951 nocentem
628 2897 769 2952 vindicare
792 2908 813 2949 V
883 2905 914 2952 12
935 2900 975 2952 et:
995 2900 1027 2951 ut
1046 2908 1077 2951 Μ

139 2973 171 3020 13
190 2971 297 3022 tamen:
317 2970 358 3022 tm
376 2978 409 3021 M
460 2969 571 3022 obrute:
592 2967 712 3037 obmptc
730 2978 764 3036 Β,
783 2988 801 3038 p
821 2971 903 3024 delo
959 2969 1147 3024 1710111111-

138 3039 205 3091 dum
222 3048 260 3104 Β;
287 3039 504 3093 commitendum
526 3050 555 3106 1'3
581 3040 767 3093 omittendum
785 3050 827 3108 Μ,
846 3040 889 3094 vel
907 3041 999 3094 minue
1019 3042 1149 3095 commit·

137 3110 253 3163 tendum
276 3111 357 3179 quasi
383 3112 464 3164 credo
488 3112 611 3164 nondum
633 3133 664 3163 m
736 3127 820 3180 quam
843 3130 892 3167 om.
909 3123 936 3165 Β
1004 3115 1036 3165 ut
1059 3130 1109 3166 occ.
1126 3125 1151 3166 J

139 3187 171 3234 18
190 3182 368 3249 praesertim:
388 3182 551 3251 praefestim
569 3191 603 3250 Β,
623 3199 690 3236 corr.
706 3193 741 3233 o
785 3183 845 3251 qui:
866 3184 933 3252 quia
953 3193 974 3235 v
1032 3189 1063 3236 19
1083 3200 1148 3252 per-

137 3251 254 3306 mitente
272 3261 300 3304 Β
370 3258 404 3306 20
424 3270 452 3307 se
471 3270 530 3307 esse
549 3253 737 3323 propinquum
756 3268 786 3318 cy
846 3255 963 3308 virtutes
977 3257 1077 3308 tunso

139 3329 171 3376 21
196 3323 379 3392 contemplari
399 3337 450 3388 eye
528 3331 560 3378 22
585 3324 677 3378 aurire
696 3335 737 3390 M,
760 3327 780 3378 h
802 3344 877 3394 supr.
893 3348 923 3379 m
1003 3326 1050 3378 uic
1068 3335 1107 3392 Β,
1128 3327 1149 3380 h

137 3405 245 3463 crepulo
300 3401 332 3448 23
351 3394 451 3448 melius
470 3412 519 3450 om.
539 3406 560 3448 v
609 3396 775 3450 inmitentur
788 3406 822 3464 Β,
844 3397 867 3450 ri
886 3399 917 3450 cle
934 3415 1019 3467 marc.
1035 3397 1099 3450 add.
1116 3409 1148 3467 υς

137 3501 286 3555 imituntur
309 3511 329 3554 V
402 3508 436 3555 24
458 3467 549 3572 11111Ξ
566 3512 594 3555 Β
612 3503 640 3574 (h
658 3521 732 3573 supr.
748 3506 775 3571 o)
834 3504 925 3558 vivere
944 3513 972 3556 Β
1037 3503 1149 3559 25101-

138 3572 276 3641 nitentis,
296 3590 363 3628 corr.
379 3584 396 3625 b
467 3573 569 3642 premi:
589 3575 725 3644 conprimi
744 3584 776 3628 M
