2430 3952
440 217 676 273 DECLAMATIO
694 218 769 273 vm.
1046 218 1110 283 367

96 389 221 448 eundem
244 387 334 448 fuisse
361 388 546 466 languorem.
587 406 674 466 rogo,
704 388 771 463 quis
798 389 831 445 in
853 387 916 446 ullo
940 386 1114 447 mortalium

94 479 173 536 ferat
207 477 410 555 ignorantiam
449 479 563 554 pariter
599 478 630 536 et
671 474 919 535 affirmationem?
979 478 1114 552 quisquis

95 568 189 626 nescit
212 565 283 641 quid
308 584 401 644 genus
426 567 580 644 languoris
601 567 649 640 sit,
672 584 732 624 non
754 567 853 641 potest
876 566 950 625 scire
973 564 1114 624 aridem

95 657 143 714 sit.
184 655 260 713 nihil
274 656 366 713 etiam
378 655 411 713 in
428 654 517 714 rebus
534 655 673 714 humanis
693 654 790 712 voluit
808 672 870 714 esse
887 673 987 713 rarum
1005 656 1115 713 natura

69 747 158 804 stam
178 743 274 802 simile
293 743 374 819 quod
395 763 455 802 non
479 744 582 819 aliqua
599 744 784 820 proprietate
803 745 975 802 secerneret.
1011 761 1115 819 quam-

96 850 187 908 quam
210 851 280 910 ergo
310 835 371 891 sint
401 834 525 910 gemini,
555 832 613 892 duo
642 834 712 892 sunt
733 835 834 891 tamen
864 833 928 891 fato
955 832 1114 891 dissimiles

96 924 174 982 sicut
197 924 227 980 et
248 923 385 997 tempora
411 921 580 982 nativitatis
604 922 749 981 distantia
775 923 807 980 et
832 920 899 986 duo.
941 921 1021 997 quod
1044 939 1114 998 ergo

95 1013 210 1087 pariter
227 1011 415 1088 languenmt,
438 1029 498 1069 non
517 1010 626 1070 accidit
643 1012 789 1086 tanquam
807 1010 950 1069 fratribus
969 1009 1020 1069 sed
1037 1012 1115 1068 tam·

98 1120 189 1175 quam
221 1098 343 1158 duobus.
399 1098 479 1176 quod
510 1100 589 1159 enim
620 1118 680 1158 non
712 1098 815 1158 eodem
848 1099 912 1158 fato
943 1099 1116 1177 languerint

57 1208 83 1248 11
98 1189 217 1266 gemini,
239 1188 349 1265 probat
370 1189 426 1247 hoc
449 1189 528 1264 quod
545 1207 599 1247 nec
621 1190 747 1263 uterque
765 1188 877 1247 occisus
901 1190 1017 1247 estnec
1034 1190 1114 1247 uter·

99 1297 155 1353 que
174 1279 304 1337 sanatus.
346 1277 417 1335 dato
436 1279 528 1336 etiam
547 1277 626 1353 quod
644 1276 867 1352 desperaverint
883 1277 999 1352 medici,
1017 1277 1115 1336 fatum

95 1367 251 1440 utriusque
275 1369 444 1441 exspectare
467 1366 604 1426 debuisti.
645 1365 701 1425 hac
725 1367 803 1425 enim
826 1366 997 1425 condicione
1019 1368 1114 1425 nasci·

96 1474 171 1528 mur,
194 1456 229 1513 ut
251 1454 426 1529 moriamur,
449 1473 509 1513 non
531 1456 567 1514 ut
589 1454 770 1529 occidamur,
794 1456 824 1513 et
847 1474 914 1513 eum
937 1457 988 1530 qui
1010 1454 1114 1524 morbo

97 1543 221 1616 decedit,
243 1544 320 1602 mori
342 1544 481 1618 dicimus,
505 1562 572 1602 eum
595 1546 695 1602 autem
718 1545 771 1619 qui
792 1544 939 1603 violenter
962 1544 1114 1619 occiditur,

57 1651 82 1691 15
97 1632 220 1691 dicimus
243 1632 347 1708 perire.
393 1632 572 1709 stupendum
599 1634 644 1692 est
671 1635 701 1691 et
722 1635 895 1709 portentum
921 1632 1001 1708 quod
1023 1631 1114 1691 habes

96 1721 236 1797 paricidii
257 1721 450 1796 patientiam,
477 1740 537 1781 non
558 1721 649 1781 habes
680 1721 825 1780 orbitatis.
870 1740 930 1780 non
953 1722 1115 1796 exspectas,

96 1812 131 1868 ut
152 1809 209 1868 filii
230 1811 404 1885 moriantur,
427 1810 479 1870 sed
501 1830 592 1869 unum
611 1810 754 1869 occidisti.
800 1810 937 1887 amplius,
961 1811 1031 1886 quia
1053 1828 1113 1868 me-

96 1899 163 1958 dico
186 1899 339 1958 credidisti
362 1901 414 1975 qui
437 1902 541 1960 contra
559 1899 780 1975 desperantium
803 1917 921 1958 sensum
944 1917 1036 1977 genus
1060 1898 1114 1957 ali-

97 1989 177 2063 quod
199 1990 339 2048 sanitatis
363 1988 473 2048 afferet.
514 1989 616 2048 forsan
639 1989 734 2047 adhuc
754 1989 939 2047 inveniretur
962 1988 1039 2046 alius
1062 1990 1115 2064 qui

56 2097 82 2136 11
96 2078 224 2136 laetiora
246 2078 428 2154 utilioraque
447 2078 644 2153 promitteret.
686 2096 739 2136 cur
756 2078 809 2136 isti
825 2079 926 2154 potius
951 2096 1041 2153 quam
1065 2077 1113 2139 de-

54 2201 57 2205 ·
98 2166 285 2242 sperantibus
315 2167 437 2226 medicis
468 2167 571 2226 credis.
612 2185 699 2225 nemo
729 2168 826 2244 magis
854 2166 992 2242 desperat
1022 2185 1114 2242 quam

98 2257 151 2331 qui
173 2273 205 2314 se
227 2258 320 2333 negat
346 2274 432 2315 nosse
457 2256 639 2334 languorem.
680 2257 833 2331 promittit
860 2256 1003 2332 quicquid
1024 2256 1114 2314 licere

98 2363 157 2402 non
188 2344 275 2403 debet
303 2363 357 2403 neo
385 2344 636 2423 intellegentibus.
684 2344 830 2422 occidam,
864 2344 976 2420 inquit,
1007 2344 1113 2402 deinde

99 2432 219 2491 sanabo.
264 2452 324 2491 non
347 2435 392 2493 est
414 2436 501 2494 tanta
522 2435 619 2510 pietas
642 2452 760 2493 servare
782 2433 878 2491 filium
901 2436 1047 2510 quantum
1069 2434 1112 2492 fa·

59 2540 84 2579 ss
100 2523 183 2580 cinus
202 2520 342 2583 occidere.
378 2525 538 2598 postquam
556 2522 688 2581 medicus
707 2523 835 2581 dixerat:
858 2541 918 2581 non
931 2522 1002 2580 nori
1021 2539 1113 2597 genus

98 2608 208 2683 morbi,
237 2611 363 2668 ulterius
398 2613 426 2669 ei
454 2631 514 2670 non
549 2611 652 2670 debuit
686 2630 775 2689 aeger
804 2610 964 2685 committi,
995 2611 1114 2669 etiamsi

97 2700 250 2775 potionem
273 2699 302 2757 11
324 2694 467 2778 velle[n]t
488 2701 665 2758 ministrare.
712 2699 853 2775 quoniam
872 2718 942 2777 ergo
961 2698 1114 2758 credidisti

98 2787 164 2862 sibi,
188 2807 254 2847 oum
278 2787 442 2846 subiunxit:
472 2791 498 2847 si
519 2790 689 2864 permiseris
714 2789 836 2847 alterius
859 2789 975 2864 aperire
997 2789 1114 2864 vitalia,

98 2876 262 2936 remedium
280 2877 439 2936 inveniam.
480 2876 600 2937 morbus
620 2879 699 2936 enim
723 2880 767 2936 est
785 2877 891 2937 similis
913 2879 945 2935 in
968 2876 1113 2938 ambobus

59 2986 85 3025 so
99 2969 129 3026 et
151 2967 247 3026 latens
265 2967 400 3025 interius.
442 2969 472 3024 et
489 2966 566 3042 ideo,
588 2985 655 3025 oum
677 2968 832 3043 inspexero
850 2967 994 3026 interiora
1016 2969 1113 3042 unius,

99 3057 191 3114 sciam
213 3055 310 3115 morbi
333 3073 453 3114 causam
481 3057 514 3113 in
537 3055 645 3131 altero,
673 3055 724 3116 sed
746 3074 899 3131 nunquam
925 3056 1045 3115 facilius
1069 3059 1115 3115 est

100 3161 185 3203 nosse
216 3144 390 3223 languorem
422 3163 512 3221 quam
543 3147 620 3204 scire
653 3164 730 3220 quae
759 3143 919 3204 visceribus
950 3147 1039 3204 unius
1068 3146 1113 3203 in-

100 3234 209 3308 spectis
232 3235 341 3293 scietur
369 3252 457 3293 causa
479 3233 576 3292 morbi
598 3233 630 3292 11
654 3234 756 3293 altero.
797 3236 964 3308 praeterea,
992 3235 1018 3294 si
1041 3235 1113 3294 talis

101 3340 172 3380 cura
193 3323 293 3381 valere
315 3324 428 3399 potest,
456 3323 529 3398 quid
557 3327 614 3396 est,
642 3323 781 3399 antiquos
808 3322 900 3381 latuit
926 3341 980 3381 nec
1002 3323 1115 3401 legitur

59 3430 86 3470 11
102 3410 177 3470 alias
195 3411 284 3470 facta
325 3411 404 3487 quod
426 3413 453 3471 si
471 3412 553 3472 facta
575 3412 736 3488 aliquando
754 3411 854 3485 fuerit,
876 3413 921 3470 vis
939 3415 974 3470 tu
991 3414 1115 3489 propter

100 3500 157 3559 hoc
175 3501 304 3577 experiri
319 3501 352 3559 in
373 3502 433 3561 isto
457 3501 537 3576 quod
555 3504 657 3561 nescis.
698 3503 853 3578 praeterea
871 3500 988 3559 differre
1007 3501 1113 3561 saltem

100 3591 189 3666 pater
208 3588 294 3649 ‘hauc
321 3588 530 3651 crudelitatem
559 3589 721 3665 debuisses,
750 3593 785 3648 ut
814 3589 958 3665 quiequid
987 3609 1027 3647 er.
1050 3589 1120 3643 idio
