<?xml version="1.0" encoding="UTF-8"?>
<!DOCTYPE html PUBLIC "-//W3C//DTD XHTML 1.0 Transitional//EN"
    "http://www.w3.org/TR/xhtml1/DTD/xhtml1-transitional.dtd">
<html xmlns="http://www.w3.org/1999/xhtml" xml:lang="en" lang="en">
 <head>
  <title>
</title>
<meta http-equiv="Content-Type" content="text/html;charset=utf-8" />
  <meta name='ocr-system' content='tesseract 3.04.00' />
  <meta name='ocr-capabilities' content='ocr_page ocr_carea ocr_par ocr_line ocrx_word'/>
</head>
<body>
  <div class='ocr_page' id='page_1' title='image "./qvintilianiqvae00quingoog_0250.png"; bbox 0 0 2430 3952; ppageno 0'>
   <div class='ocr_carea' id='block_1_1' title="bbox 121 194 922 260">
    <p class='ocr_par' dir='ltr' id='par_1_1' title="bbox 121 194 922 260">
     <span class='ocr_line' id='line_1_1' title="bbox 121 194 922 260; baseline -0.015 1"><span class='ocrx_word' id='word_1_1' title='bbox 121 197 188 260; x_wconf 76' lang='lat'><strong>210</strong></span> <span class='ocrx_word' id='word_1_2' title='bbox 337 195 444 250; x_wconf 79' lang='lat' dir='ltr'>DIVES</span> <span class='ocrx_word' id='word_1_3' title='bbox 463 194 671 250; x_wconf 80' lang='lat' dir='ltr'>ACCVSATVS</span> <span class='ocrx_word' id='word_1_4' title='bbox 689 195 922 250; x_wconf 85' lang='lat' dir='ltr'>PRODITIONIS</span> 
     </span>
    </p>
   </div>
   <div class='ocr_carea' id='block_1_2' title="bbox 16 364 1177 2935">
    <p class='ocr_par' dir='ltr' id='par_1_2' title="bbox 121 364 1177 1512">
     <span class='ocr_line' id='line_1_2' title="bbox 122 364 1143 442; baseline 0 -18"><span class='ocrx_word' id='word_1_5' title='bbox 122 365 317 442; x_wconf 81' lang='lat' dir='ltr'><strong>quisquamne</strong></span> <span class='ocrx_word' id='word_1_6' title='bbox 348 364 520 424; x_wconf 83' lang='lat' dir='ltr'><strong>mortalium</strong></span> <span class='ocrx_word' id='word_1_7' title='bbox 551 364 630 423; x_wconf 88' lang='lat' dir='ltr'><strong>idem</strong></span> <span class='ocrx_word' id='word_1_8' title='bbox 659 368 748 423; x_wconf 89' lang='lat' dir='ltr'><strong>vocat</strong></span> <span class='ocrx_word' id='word_1_9' title='bbox 778 365 894 424; x_wconf 83' lang='lat' dir='ltr'><strong>facinus</strong></span> <span class='ocrx_word' id='word_1_10' title='bbox 927 369 958 425; x_wconf 86' lang='lat' dir='ltr'><strong>et</strong></span> <span class='ocrx_word' id='word_1_11' title='bbox 988 365 1143 440; x_wconf 78' lang='lat' dir='ltr'><strong>poenam?</strong></span> 
     </span>
     <span class='ocr_line' id='line_1_3' title="bbox 121 453 1143 529; baseline 0 -15"><span class='ocrx_word' id='word_1_12' title='bbox 121 457 277 514; x_wconf 86' lang='lat' dir='ltr'><strong>tantumne</strong></span> <span class='ocrx_word' id='word_1_13' title='bbox 301 454 410 513; x_wconf 91' lang='lat' dir='ltr'><strong>doloris</strong></span> <span class='ocrx_word' id='word_1_14' title='bbox 432 455 533 512; x_wconf 82' lang='lat' dir='ltr'><strong>venire</strong></span> <span class='ocrx_word' id='word_1_15' title='bbox 556 453 593 512; x_wconf 84' lang='lat' dir='ltr'><strong>de</strong></span> <span class='ocrx_word' id='word_1_16' title='bbox 615 453 769 529; x_wconf 80' lang='lat' dir='ltr'><strong>suppliciis</strong></span> <span class='ocrx_word' id='word_1_17' title='bbox 788 456 934 529; x_wconf 86' lang='lat' dir='ltr'><strong>quantum</strong></span> <span class='ocrx_word' id='word_1_18' title='bbox 956 453 993 512; x_wconf 89' lang='lat' dir='ltr'><strong>de</strong></span> <span class='ocrx_word' id='word_1_19' title='bbox 1017 457 1143 514; x_wconf 84' lang='lat' dir='ltr'><strong>calami-</strong></span> 
     </span>
     <span class='ocr_line' id='line_1_4' title="bbox 121 541 1143 618; baseline -0.001 -15"><span class='ocrx_word' id='word_1_20' title='bbox 121 543 235 603; x_wconf 88' lang='lat' dir='ltr'><strong>tatibus</strong></span> <span class='ocrx_word' id='word_1_21' title='bbox 253 541 364 618; x_wconf 80' lang='lat' dir='ltr'><strong>putat?</strong></span> <span class='ocrx_word' id='word_1_22' title='bbox 399 543 494 602; x_wconf 86' lang='lat' dir='ltr'><strong>noscit</strong></span> <span class='ocrx_word' id='word_1_23' title='bbox 510 543 653 618; x_wconf 88' lang='lat' dir='ltr'><strong>profecto,</strong></span> <span class='ocrx_word' id='word_1_24' title='bbox 670 545 772 617; x_wconf 86' lang='lat' dir='ltr'><strong>noscit,</strong></span> <span class='ocrx_word' id='word_1_25' title='bbox 796 545 939 617; x_wconf 88' lang='lat' dir='ltr'><strong>quantam</strong></span> <span class='ocrx_word' id='word_1_26' title='bbox 956 544 1143 618; x_wconf 87' lang='lat' dir='ltr'><strong>patientiam</strong></span> 
     </span>
     <span class='ocr_line' id='line_1_5' title="bbox 121 631 1142 709; baseline 0.001 -18"><span class='ocrx_word' id='word_1_27' title='bbox 121 636 209 709; x_wconf 90' lang='lat' dir='ltr'><strong>paret</strong></span> <span class='ocrx_word' id='word_1_28' title='bbox 234 633 355 706; x_wconf 86' lang='lat' dir='ltr'><strong>mereri,</strong></span> <span class='ocrx_word' id='word_1_29' title='bbox 378 635 528 707; x_wconf 85' lang='lat' dir='ltr'><strong>quantum</strong></span> <span class='ocrx_word' id='word_1_30' title='bbox 551 633 649 690; x_wconf 86' lang='lat' dir='ltr'><strong>animo</strong></span> <span class='ocrx_word' id='word_1_31' title='bbox 677 631 875 707; x_wconf 81' lang='lat' dir='ltr'><strong>membrisque</strong></span> <span class='ocrx_word' id='word_1_32' title='bbox 897 632 1006 709; x_wconf 81' lang='lat' dir='ltr'><strong>rigoris</strong></span> <span class='ocrx_word' id='word_1_33' title='bbox 1030 633 1142 692; x_wconf 86' lang='lat' dir='ltr'><strong>induat</strong></span> 
     </span>
     <span class='ocr_line' id='line_1_6' title="bbox 123 721 1177 798; baseline 0.004 -18"><span class='ocrx_word' id='word_1_34' title='bbox 123 722 202 798; x_wconf 90' lang='lat' dir='ltr'><strong>quod</strong></span> <span class='ocrx_word' id='word_1_35' title='bbox 224 722 360 797; x_wconf 82' lang='lat' dir='ltr'><strong>patiaris,</strong></span> <span class='ocrx_word' id='word_1_36' title='bbox 382 739 548 798; x_wconf 84' lang='lat' dir='ltr'><strong>agnoscere.</strong></span> <span class='ocrx_word' id='word_1_37' title='bbox 585 721 754 779; x_wconf 85' lang='lat' dir='ltr'><strong>innocentia</strong></span> <span class='ocrx_word' id='word_1_38' title='bbox 773 739 847 796; x_wconf 91' lang='lat' dir='ltr'><strong>opus</strong></span> <span class='ocrx_word' id='word_1_39' title='bbox 866 724 919 795; x_wconf 85' lang='lat' dir='ltr'><strong>est,</strong></span> <span class='ocrx_word' id='word_1_40' title='bbox 942 724 977 779; x_wconf 92' lang='lat' dir='ltr'><strong>ut</strong></span> <span class='ocrx_word' id='word_1_41' title='bbox 995 722 1141 782; x_wconf 87' lang='lat' dir='ltr'><strong>miserum</strong></span> <span class='ocrx_word' id='word_1_42' title='bbox 1166 743 1177 784; x_wconf 87' lang='grc'><strong>1</strong></span> 
     </span>
     <span class='ocr_line' id='line_1_7' title="bbox 122 809 1141 886; baseline 0.001 -17"><span class='ocrx_word' id='word_1_43' title='bbox 122 812 215 869; x_wconf 82' lang='lat' dir='ltr'><strong>saciat</strong></span> <span class='ocrx_word' id='word_1_44' title='bbox 246 810 338 870; x_wconf 88' lang='lat' dir='ltr'><strong>dolor.</strong></span> <span class='ocrx_word' id='word_1_45' title='bbox 384 812 499 868; x_wconf 89' lang='lat' dir='ltr'><strong>constet</strong></span> <span class='ocrx_word' id='word_1_46' title='bbox 530 810 600 868; x_wconf 89' lang='lat' dir='ltr'><strong>licet</strong></span> <span class='ocrx_word' id='word_1_47' title='bbox 628 809 780 885; x_wconf 76' lang='lat' dir='ltr'><strong>utrimque</strong></span> <span class='ocrx_word' id='word_1_48' title='bbox 812 811 953 868; x_wconf 89' lang='lat' dir='ltr'><strong>mortium</strong></span> <span class='ocrx_word' id='word_1_49' title='bbox 984 829 1141 886; x_wconf 87' lang='lat' dir='ltr'><strong>numerus,</strong></span> 
     </span>
     <span class='ocr_line' id='line_1_8' title="bbox 121 897 1140 975; baseline 0 -17"><span class='ocrx_word' id='word_1_50' title='bbox 121 899 248 959; x_wconf 82' lang='lat' dir='ltr'><strong>totidem</strong></span> <span class='ocrx_word' id='word_1_51' title='bbox 269 899 354 958; x_wconf 89' lang='lat' dir='ltr'><strong>nobis</strong></span> <span class='ocrx_word' id='word_1_52' title='bbox 377 899 452 958; x_wconf 90' lang='lat' dir='ltr'><strong>ultio</strong></span> <span class='ocrx_word' id='word_1_53' title='bbox 476 897 620 957; x_wconf 85' lang='lat' dir='ltr'><strong>cadavera</strong></span> <span class='ocrx_word' id='word_1_54' title='bbox 644 898 794 975; x_wconf 80' lang='lat' dir='ltr'><strong>adsignet,</strong></span> <span class='ocrx_word' id='word_1_55' title='bbox 809 899 884 974; x_wconf 86' lang='lat' dir='ltr'><strong>plus</strong></span> <span class='ocrx_word' id='word_1_56' title='bbox 907 903 1008 958; x_wconf 88' lang='lat' dir='ltr'><strong>tamen</strong></span> <span class='ocrx_word' id='word_1_57' title='bbox 1032 903 1080 958; x_wconf 87' lang='lat' dir='ltr'><strong>est</strong></span> <span class='ocrx_word' id='word_1_58' title='bbox 1103 900 1140 959; x_wconf 86' lang='lat' dir='ltr'><strong>de</strong></span> 
     </span>
     <span class='ocr_line' id='line_1_9' title="bbox 121 987 1140 1062; baseline 0.002 -15"><span class='ocrx_word' id='word_1_59' title='bbox 121 988 336 1047; x_wconf 69' lang='lat' dir='ltr'><strong>innocentibus</strong></span> <span class='ocrx_word' id='word_1_60' title='bbox 383 991 413 1046; x_wconf 85' lang='lat' dir='ltr'><strong>et</strong></span> <span class='ocrx_word' id='word_1_61' title='bbox 436 987 578 1062; x_wconf 90' lang='lat' dir='ltr'><strong>quicquid</strong></span> <span class='ocrx_word' id='word_1_62' title='bbox 600 988 758 1062; x_wconf 88' lang='lat' dir='ltr'><strong>patiuntur</strong></span> <span class='ocrx_word' id='word_1_63' title='bbox 781 988 968 1062; x_wconf 84' lang='lat' dir='ltr'><strong>deprehensi,</strong></span> <span class='ocrx_word' id='word_1_64' title='bbox 996 988 1069 1048; x_wconf 85' lang='lat' dir='ltr'><strong>licet</strong></span> <span class='ocrx_word' id='word_1_65' title='bbox 1092 1008 1140 1049; x_wconf 86' lang='lat' dir='ltr'><strong>so-</strong></span> 
     </span>
     <span class='ocr_line' id='line_1_10' title="bbox 121 1076 1139 1154; baseline 0.001 -18"><span class='ocrx_word' id='word_1_66' title='bbox 121 1079 199 1137; x_wconf 91' lang='lat' dir='ltr'><strong>lacio</strong></span> <span class='ocrx_word' id='word_1_67' title='bbox 222 1077 301 1135; x_wconf 83' lang='lat' dir='ltr'><strong>idem</strong></span> <span class='ocrx_word' id='word_1_68' title='bbox 325 1077 377 1151; x_wconf 89' lang='lat' dir='ltr'><strong>sit,</strong></span> <span class='ocrx_word' id='word_1_69' title='bbox 406 1076 556 1151; x_wconf 86' lang='lat' dir='ltr'><strong>aequitate</strong></span> <span class='ocrx_word' id='word_1_70' title='bbox 579 1078 677 1135; x_wconf 90' lang='lat' dir='ltr'><strong>minus</strong></span> <span class='ocrx_word' id='word_1_71' title='bbox 700 1079 752 1134; x_wconf 86' lang='lat' dir='ltr'><strong>ost.</strong></span> <span class='ocrx_word' id='word_1_72' title='bbox 798 1079 833 1134; x_wconf 91' lang='lat' dir='ltr'><strong>ut</strong></span> <span class='ocrx_word' id='word_1_73' title='bbox 855 1077 934 1135; x_wconf 86' lang='lat' dir='ltr'><strong>idem</strong></span> <span class='ocrx_word' id='word_1_74' title='bbox 959 1079 999 1136; x_wconf 87' lang='lat' dir='ltr'><strong>sit</strong></span> <span class='ocrx_word' id='word_1_75' title='bbox 1021 1079 1139 1154; x_wconf 87' lang='lat' dir='ltr'><strong>suppli-</strong></span> 
     </span>
     <span class='ocr_line' id='line_1_11' title="bbox 121 1165 1176 1240; baseline 0.003 -14"><span class='ocrx_word' id='word_1_76' title='bbox 121 1168 200 1227; x_wconf 89' lang='lat' dir='ltr'><strong>cium</strong></span> <span class='ocrx_word' id='word_1_77' title='bbox 227 1167 361 1225; x_wconf 88' lang='lat' dir='ltr'><strong>nocentis</strong></span> <span class='ocrx_word' id='word_1_78' title='bbox 389 1168 419 1223; x_wconf 87' lang='lat' dir='ltr'><strong>et</strong></span> <span class='ocrx_word' id='word_1_79' title='bbox 445 1165 574 1240; x_wconf 83' lang='lat' dir='ltr'><strong>facinus,</strong></span> <span class='ocrx_word' id='word_1_80' title='bbox 601 1184 661 1224; x_wconf 88' lang='lat' dir='ltr'><strong>una</strong></span> <span class='ocrx_word' id='word_1_81' title='bbox 688 1165 804 1224; x_wconf 86' lang='lat' dir='ltr'><strong>ratione</strong></span> <span class='ocrx_word' id='word_1_82' title='bbox 836 1165 960 1240; x_wconf 85' lang='lat' dir='ltr'><strong>efficias,</strong></span> <span class='ocrx_word' id='word_1_83' title='bbox 992 1168 1028 1223; x_wconf 87' lang='lat' dir='ltr'><strong>ut</strong></span> <span class='ocrx_word' id='word_1_84' title='bbox 1058 1167 1139 1226; x_wconf 88' lang='lat' dir='ltr'><strong>illud</strong></span> <span class='ocrx_word' id='word_1_85' title='bbox 1153 1189 1176 1229; x_wconf 83' lang='grc'><strong>11</strong></span> 
     </span>
     <span class='ocr_line' id='line_1_12' title="bbox 121 1254 1139 1331; baseline 0.001 -17"><span class='ocrx_word' id='word_1_86' title='bbox 121 1258 198 1314; x_wconf 87' lang='lat' dir='ltr'><strong>ferre</strong></span> <span class='ocrx_word' id='word_1_87' title='bbox 220 1273 280 1314; x_wconf 95' lang='lat' dir='ltr'><strong>non</strong></span> <span class='ocrx_word' id='word_1_88' title='bbox 303 1255 405 1330; x_wconf 88' lang='lat' dir='ltr'><strong>possit.</strong></span> <span class='ocrx_word' id='word_1_89' title='bbox 451 1255 562 1312; x_wconf 80' lang='lat' dir='ltr'><strong>frustra</strong></span> <span class='ocrx_word' id='word_1_90' title='bbox 585 1255 749 1313; x_wconf 86' lang='lat' dir='ltr'><strong>aestimatis</strong></span> <span class='ocrx_word' id='word_1_91' title='bbox 773 1274 862 1329; x_wconf 88' lang='lat' dir='ltr'><strong>quarn</strong></span> <span class='ocrx_word' id='word_1_92' title='bbox 885 1254 1015 1329; x_wconf 88' lang='lat' dir='ltr'><strong>crudele,</strong></span> <span class='ocrx_word' id='word_1_93' title='bbox 1045 1275 1139 1331; x_wconf 87' lang='lat' dir='ltr'><strong>qnam</strong></span> 
     </span>
     <span class='ocr_line' id='line_1_13' title="bbox 122 1342 1141 1419; baseline 0 -15"><span class='ocrx_word' id='word_1_94' title='bbox 122 1364 243 1404; x_wconf 83' lang='lat' dir='ltr'><strong>saevum</strong></span> <span class='ocrx_word' id='word_1_95' title='bbox 271 1344 310 1403; x_wconf 89' lang='lat' dir='ltr'><strong>sit</strong></span> <span class='ocrx_word' id='word_1_96' title='bbox 333 1342 411 1419; x_wconf 86' lang='lat' dir='ltr'><strong>quod</strong></span> <span class='ocrx_word' id='word_1_97' title='bbox 438 1344 581 1418; x_wconf 78' lang='lat' dir='ltr'><strong>petimuS,</strong></span> <span class='ocrx_word' id='word_1_98' title='bbox 608 1344 640 1400; x_wconf 88' lang='lat' dir='ltr'><strong>in</strong></span> <span class='ocrx_word' id='word_1_99' title='bbox 665 1345 808 1418; x_wconf 90' lang='lat' dir='ltr'><strong>quantum</strong></span> <span class='ocrx_word' id='word_1_100' title='bbox 838 1344 994 1402; x_wconf 77' lang='lat' dir='ltr'><strong>excesserit</strong></span> <span class='ocrx_word' id='word_1_101' title='bbox 1020 1345 1141 1404; x_wconf 86' lang='lat' dir='ltr'><strong>usitata</strong></span> 
     </span>
     <span class='ocr_line' id='line_1_14' title="bbox 123 1451 424 1512; baseline -0.01 -20"><span class='ocrx_word' id='word_1_102' title='bbox 123 1452 231 1512; x_wconf 84' lang='lat' dir='ltr'><strong>genera</strong></span> <span class='ocrx_word' id='word_1_103' title='bbox 252 1451 424 1509; x_wconf 85' lang='lat' dir='ltr'><strong>poenarum.</strong></span> 
     </span>
    </p>

    <p class='ocr_par' dir='ltr' id='par_1_3' title="bbox 86 1520 1176 2219">
     <span class='ocr_line' id='line_1_15' title="bbox 86 1520 1139 1598; baseline 0 -16"><span class='ocrx_word' id='word_1_104' title='bbox 86 1525 105 1582; x_wconf 79' lang='lat'><strong>5</strong></span> <span class='ocrx_word' id='word_1_105' title='bbox 191 1523 349 1598; x_wconf 80' lang='lat' dir='ltr'><strong>Explicata</strong></span> <span class='ocrx_word' id='word_1_106' title='bbox 368 1525 421 1596; x_wconf 87' lang='lat' dir='ltr'><strong>est,</strong></span> <span class='ocrx_word' id='word_1_107' title='bbox 439 1520 559 1595; x_wconf 83' lang='lat' dir='ltr'><strong>iudices,</strong></span> <span class='ocrx_word' id='word_1_108' title='bbox 582 1521 730 1597; x_wconf 83' lang='lat' dir='ltr'><strong>explicata</strong></span> <span class='ocrx_word' id='word_1_109' title='bbox 748 1522 822 1598; x_wconf 85' lang='lat' dir='ltr'><strong>legis</strong></span> <span class='ocrx_word' id='word_1_110' title='bbox 840 1521 964 1595; x_wconf 85' lang='lat' dir='ltr'><strong>invidia,</strong></span> <span class='ocrx_word' id='word_1_111' title='bbox 982 1539 1051 1580; x_wconf 89' lang='lat' dir='ltr'><strong>cum</strong></span> <span class='ocrx_word' id='word_1_112' title='bbox 1071 1524 1139 1598; x_wconf 89' lang='lat' dir='ltr'><strong>quis</strong></span> 
     </span>
     <span class='ocr_line' id='line_1_16' title="bbox 123 1608 1175 1688; baseline 0.003 -18"><span class='ocrx_word' id='word_1_113' title='bbox 123 1613 202 1688; x_wconf 84' lang='lat' dir='ltr'><strong>quod</strong></span> <span class='ocrx_word' id='word_1_114' title='bbox 223 1613 349 1687; x_wconf 88' lang='lat' dir='ltr'><strong>patitur,</strong></span> <span class='ocrx_word' id='word_1_115' title='bbox 373 1615 403 1670; x_wconf 90' lang='lat' dir='ltr'><strong>et</strong></span> <span class='ocrx_word' id='word_1_116' title='bbox 425 1610 505 1670; x_wconf 88' lang='lat' dir='ltr'><strong>fecit.</strong></span> <span class='ocrx_word' id='word_1_117' title='bbox 542 1608 635 1685; x_wconf 80' lang='lat' dir='ltr'><strong>quid?</strong></span> <span class='ocrx_word' id='word_1_118' title='bbox 659 1609 739 1685; x_wconf 88' lang='lat' dir='ltr'><strong>quod</strong></span> <span class='ocrx_word' id='word_1_119' title='bbox 760 1610 816 1669; x_wconf 90' lang='lat' dir='ltr'><strong>hoc</strong></span> <span class='ocrx_word' id='word_1_120' title='bbox 839 1610 935 1669; x_wconf 91' lang='lat' dir='ltr'><strong>solum</strong></span> <span class='ocrx_word' id='word_1_121' title='bbox 958 1613 1002 1669; x_wconf 87' lang='lat' dir='ltr'><strong>ast</strong></span> <span class='ocrx_word' id='word_1_122' title='bbox 1020 1629 1138 1686; x_wconf 85' lang='lat' dir='ltr'><strong>poenae</strong></span> <span class='ocrx_word' id='word_1_123' title='bbox 1153 1631 1175 1673; x_wconf 84' lang='grc'><strong>11</strong></span> 
     </span>
     <span class='ocr_line' id='line_1_17' title="bbox 122 1698 1139 1785; baseline 0.001 -26"><span class='ocrx_word' id='word_1_124' title='bbox 122 1719 223 1779; x_wconf 87' lang='lat' dir='ltr'><strong>genus,</strong></span> <span class='ocrx_word' id='word_1_125' title='bbox 246 1701 278 1759; x_wconf 89' lang='lat' dir='ltr'><strong>in</strong></span> <span class='ocrx_word' id='word_1_126' title='bbox 297 1719 355 1776; x_wconf 93' lang='lat' dir='ltr'><strong>quo</strong></span> <span class='ocrx_word' id='word_1_127' title='bbox 374 1720 433 1759; x_wconf 88' lang='lat' dir='ltr'><strong>non</strong></span> <span class='ocrx_word' id='word_1_128' title='bbox 452 1699 558 1785; x_wconf 60' lang='lat' dir='ltr'><strong>slebeat</strong></span> <span class='ocrx_word' id='word_1_129' title='bbox 575 1717 683 1759; x_wconf 86' lang='lat' dir='ltr'><strong>nocens</strong></span> <span class='ocrx_word' id='word_1_130' title='bbox 701 1701 760 1757; x_wconf 87' lang='lat' dir='ltr'><strong>nisi</strong></span> <span class='ocrx_word' id='word_1_131' title='bbox 778 1698 814 1756; x_wconf 86' lang='lat' dir='ltr'><strong>de</strong></span> <span class='ocrx_word' id='word_1_132' title='bbox 834 1717 864 1757; x_wconf 90' lang='lat' dir='ltr'><strong>se</strong></span> <span class='ocrx_word' id='word_1_133' title='bbox 883 1700 974 1775; x_wconf 88' lang='lat' dir='ltr'><strong>queri,</strong></span> <span class='ocrx_word' id='word_1_134' title='bbox 998 1702 1029 1758; x_wconf 82' lang='lat' dir='ltr'><strong>ot</strong></span> <span class='ocrx_word' id='word_1_135' title='bbox 1050 1703 1139 1760; x_wconf 80' lang='lat' dir='ltr'><strong>tanto</strong></span> 
     </span>
     <span class='ocr_line' id='line_1_18' title="bbox 121 1788 1138 1864; baseline 0.001 -16"><span class='ocrx_word' id='word_1_136' title='bbox 121 1791 221 1849; x_wconf 89' lang='lat' dir='ltr'><strong>minus</strong></span> <span class='ocrx_word' id='word_1_137' title='bbox 245 1789 351 1848; x_wconf 82' lang='lat' dir='ltr'><strong>debeat</strong></span> <span class='ocrx_word' id='word_1_138' title='bbox 374 1807 436 1848; x_wconf 88' lang='lat' dir='ltr'><strong>esse</strong></span> <span class='ocrx_word' id='word_1_139' title='bbox 459 1788 648 1862; x_wconf 88' lang='lat' dir='ltr'><strong>miserabilis,</strong></span> <span class='ocrx_word' id='word_1_140' title='bbox 675 1789 707 1846; x_wconf 91' lang='lat' dir='ltr'><strong>in</strong></span> <span class='ocrx_word' id='word_1_141' title='bbox 730 1790 843 1863; x_wconf 85' lang='lat' dir='ltr'><strong>quanto</strong></span> <span class='ocrx_word' id='word_1_142' title='bbox 866 1790 962 1847; x_wconf 89' lang='lat' dir='ltr'><strong>maior</strong></span> <span class='ocrx_word' id='word_1_143' title='bbox 984 1791 1029 1846; x_wconf 90' lang='lat' dir='ltr'><strong>est</strong></span> <span class='ocrx_word' id='word_1_144' title='bbox 1053 1790 1138 1864; x_wconf 89' lang='lat' dir='ltr'><strong>quod</strong></span> 
     </span>
     <span class='ocr_line' id='line_1_19' title="bbox 121 1875 1138 1955; baseline 0.002 -18"><span class='ocrx_word' id='word_1_145' title='bbox 121 1878 237 1954; x_wconf 87' lang='lat' dir='ltr'><strong>patitur</strong></span> <span class='ocrx_word' id='word_1_146' title='bbox 267 1875 404 1937; x_wconf 80' lang='lat' dir='ltr'><strong>invidia?</strong></span> <span class='ocrx_word' id='word_1_147' title='bbox 450 1877 521 1952; x_wconf 89' lang='lat' dir='ltr'><strong>quid</strong></span> <span class='ocrx_word' id='word_1_148' title='bbox 558 1880 680 1952; x_wconf 86' lang='lat' dir='ltr'><strong>aequius</strong></span> <span class='ocrx_word' id='word_1_149' title='bbox 717 1878 891 1955; x_wconf 83' lang='lat' dir='ltr'><strong>excogitari,</strong></span> <span class='ocrx_word' id='word_1_150' title='bbox 923 1876 996 1952; x_wconf 89' lang='lat' dir='ltr'><strong>quid</strong></span> <span class='ocrx_word' id='word_1_151' title='bbox 1027 1877 1138 1939; x_wconf 87' lang='lat' dir='ltr'><strong>iustius</strong></span> 
     </span>
     <span class='ocr_line' id='line_1_20' title="bbox 121 1965 1139 2045; baseline 0 -18"><span class='ocrx_word' id='word_1_152' title='bbox 121 1965 240 2043; x_wconf 80' lang='lat' dir='ltr'><strong>potest?</strong></span> <span class='ocrx_word' id='word_1_153' title='bbox 286 1969 437 2045; x_wconf 76' lang='lat' dir='ltr'><strong>grassatus</strong></span> <span class='ocrx_word' id='word_1_154' title='bbox 461 1967 556 2041; x_wconf 84' lang='lat' dir='ltr'><strong>aliqui</strong></span> <span class='ocrx_word' id='word_1_155' title='bbox 579 1969 625 2025; x_wconf 85' lang='lat' dir='ltr'><strong>est</strong></span> <span class='ocrx_word' id='word_1_156' title='bbox 646 1967 737 2041; x_wconf 86' lang='lat' dir='ltr'><strong>ferro,</strong></span> <span class='ocrx_word' id='word_1_157' title='bbox 764 1965 906 2041; x_wconf 87' lang='lat' dir='ltr'><strong>praebeat</strong></span> <span class='ocrx_word' id='word_1_158' title='bbox 929 1968 959 2024; x_wconf 87' lang='lat' dir='ltr'><strong>et</strong></span> <span class='ocrx_word' id='word_1_159' title='bbox 985 1966 1051 2041; x_wconf 91' lang='lat' dir='ltr'><strong>ipse</strong></span> <span class='ocrx_word' id='word_1_160' title='bbox 1076 1985 1139 2027; x_wconf 90' lang='lat' dir='ltr'><strong>cer-</strong></span> 
     </span>
     <span class='ocr_line' id='line_1_21' title="bbox 121 2055 1176 2129; baseline 0.001 -14"><span class='ocrx_word' id='word_1_161' title='bbox 121 2059 210 2115; x_wconf 82' lang='lat' dir='ltr'><strong>vices</strong></span> <span class='ocrx_word' id='word_1_162' title='bbox 254 2057 373 2116; x_wconf 85' lang='lat' dir='ltr'><strong>miscuit</strong></span> <span class='ocrx_word' id='word_1_163' title='bbox 395 2056 515 2114; x_wconf 85' lang='lat' dir='ltr'><strong>noxium</strong></span> <span class='ocrx_word' id='word_1_164' title='bbox 537 2056 632 2129; x_wconf 81' lang='lat' dir='ltr'><strong>virus,</strong></span> <span class='ocrx_word' id='word_1_165' title='bbox 655 2055 831 2114; x_wconf 84' lang='lat' dir='ltr'><strong>refundatur</strong></span> <span class='ocrx_word' id='word_1_166' title='bbox 852 2056 884 2112; x_wconf 90' lang='lat' dir='ltr'><strong>in</strong></span> <span class='ocrx_word' id='word_1_167' title='bbox 907 2073 995 2114; x_wconf 89' lang='lat' dir='ltr'><strong>suum</strong></span> <span class='ocrx_word' id='word_1_168' title='bbox 1017 2056 1138 2116; x_wconf 85' lang='lat' dir='ltr'><strong>facinus</strong></span> <span class='ocrx_word' id='word_1_169' title='bbox 1152 2074 1176 2116; x_wconf 85' lang='lat' dir='ltr'><strong>ro</strong></span> 
     </span>
     <span class='ocr_line' id='line_1_22' title="bbox 122 2143 1139 2219; baseline 0 -15"><span class='ocrx_word' id='word_1_170' title='bbox 122 2149 280 2205; x_wconf 84' lang='lat' dir='ltr'><strong>auctorem.</strong></span> <span class='ocrx_word' id='word_1_171' title='bbox 327 2145 426 2204; x_wconf 92' lang='lat' dir='ltr'><strong>oculos</strong></span> <span class='ocrx_word' id='word_1_172' title='bbox 449 2146 563 2219; x_wconf 86' lang='lat' dir='ltr'><strong>rapuit,</strong></span> <span class='ocrx_word' id='word_1_173' title='bbox 589 2144 703 2219; x_wconf 85' lang='lat' dir='ltr'><strong>effodit,</strong></span> <span class='ocrx_word' id='word_1_174' title='bbox 726 2143 832 2202; x_wconf 84' lang='lat' dir='ltr'><strong>reddat</strong></span> <span class='ocrx_word' id='word_1_175' title='bbox 854 2144 890 2202; x_wconf 89' lang='lat' dir='ltr'><strong>de</strong></span> <span class='ocrx_word' id='word_1_176' title='bbox 913 2162 967 2202; x_wconf 86' lang='lat' dir='ltr'><strong>sua</strong></span> <span class='ocrx_word' id='word_1_177' title='bbox 990 2145 1139 2204; x_wconf 82' lang='lat' dir='ltr'><strong>caecitate</strong></span> 
     </span>
    </p>

    <p class='ocr_par' dir='ltr' id='par_1_4' title="bbox 92 2233 1176 2845">
     <span class='ocr_line' id='line_1_23' title="bbox 92 2233 1138 2309; baseline 0 -16"><span class='ocrx_word' id='word_1_178' title='bbox 92 2242 96 2252; x_wconf 84' lang='lat'>&#39;</span> <span class='ocrx_word' id='word_1_179' title='bbox 122 2235 272 2294; x_wconf 89' lang='lat' dir='ltr'><strong>solacium.</strong></span> <span class='ocrx_word' id='word_1_180' title='bbox 309 2236 341 2292; x_wconf 90' lang='lat' dir='ltr'><strong>in</strong></span> <span class='ocrx_word' id='word_1_181' title='bbox 364 2234 446 2292; x_wconf 91' lang='lat' dir='ltr'><strong>nullo</strong></span> <span class='ocrx_word' id='word_1_182' title='bbox 464 2235 637 2293; x_wconf 85' lang='lat' dir='ltr'><strong>mortalium</strong></span> <span class='ocrx_word' id='word_1_183' title='bbox 659 2233 788 2309; x_wconf 85' lang='lat' dir='ltr'><strong>perferre</strong></span> <span class='ocrx_word' id='word_1_184' title='bbox 810 2252 931 2308; x_wconf 92' lang='lat' dir='ltr'><strong>possum</strong></span> <span class='ocrx_word' id='word_1_185' title='bbox 950 2233 1069 2292; x_wconf 86' lang='lat' dir='ltr'><strong>sceleris</strong></span> <span class='ocrx_word' id='word_1_186' title='bbox 1089 2237 1138 2293; x_wconf 90' lang='lat' dir='ltr'><strong>sui</strong></span> 
     </span>
     <span class='ocr_line' id='line_1_24' title="bbox 121 2322 1139 2400; baseline 0 -18"><span class='ocrx_word' id='word_1_187' title='bbox 121 2324 339 2400; x_wconf 85' lang='lat' dir='ltr'><strong>inpatientiam.</strong></span> <span class='ocrx_word' id='word_1_188' title='bbox 376 2322 551 2382; x_wconf 83' lang='lat' dir='ltr'><strong>brevissima</strong></span> <span class='ocrx_word' id='word_1_189' title='bbox 565 2325 611 2382; x_wconf 85' lang='lat' dir='ltr'><strong>est</strong></span> <span class='ocrx_word' id='word_1_190' title='bbox 626 2323 743 2381; x_wconf 85' lang='lat' dir='ltr'><strong>iustitia</strong></span> <span class='ocrx_word' id='word_1_191' title='bbox 757 2322 915 2395; x_wconf 88' lang='lat' dir='ltr'><strong>vindictae,</strong></span> <span class='ocrx_word' id='word_1_192' title='bbox 934 2340 1000 2381; x_wconf 92' lang='lat' dir='ltr'><strong>cum</strong></span> <span class='ocrx_word' id='word_1_193' title='bbox 1019 2322 1139 2382; x_wconf 85' lang='lat' dir='ltr'><strong>lacinus</strong></span> 
     </span>
     <span class='ocr_line' id='line_1_25' title="bbox 121 2410 1138 2488; baseline 0 -16"><span class='ocrx_word' id='word_1_194' title='bbox 121 2432 260 2473; x_wconf 86' lang='lat' dir='ltr'><strong>mansura</strong></span> <span class='ocrx_word' id='word_1_195' title='bbox 296 2431 408 2487; x_wconf 83' lang='lat' dir='ltr'><strong>poenae</strong></span> <span class='ocrx_word' id='word_1_196' title='bbox 441 2415 493 2470; x_wconf 89' lang='lat' dir='ltr'><strong>est.</strong></span> <span class='ocrx_word' id='word_1_197' title='bbox 546 2414 577 2469; x_wconf 89' lang='lat' dir='ltr'><strong>et</strong></span> <span class='ocrx_word' id='word_1_198' title='bbox 608 2413 633 2470; x_wconf 90' lang='lat' dir='ltr'><strong>si</strong></span> <span class='ocrx_word' id='word_1_199' title='bbox 669 2413 807 2470; x_wconf 88' lang='lat' dir='ltr'><strong>naturam</strong></span> <span class='ocrx_word' id='word_1_200' title='bbox 843 2410 965 2469; x_wconf 90' lang='lat' dir='ltr'><strong>ultionis</strong></span> <span class='ocrx_word' id='word_1_201' title='bbox 998 2412 1138 2488; x_wconf 87' lang='lat' dir='ltr'><strong>aspicias,</strong></span> 
     </span>
     <span class='ocr_line' id='line_1_26' title="bbox 123 2499 1176 2578; baseline 0 -16"><span class='ocrx_word' id='word_1_202' title='bbox 123 2503 234 2578; x_wconf 88' lang='lat' dir='ltr'><strong>optime</strong></span> <span class='ocrx_word' id='word_1_203' title='bbox 266 2502 435 2560; x_wconf 86' lang='lat' dir='ltr'><strong>vindicatur</strong></span> <span class='ocrx_word' id='word_1_204' title='bbox 467 2500 591 2576; x_wconf 85' lang='lat' dir='ltr'><strong>quisque</strong></span> <span class='ocrx_word' id='word_1_205' title='bbox 621 2519 680 2575; x_wconf 90' lang='lat' dir='ltr'><strong>quo</strong></span> <span class='ocrx_word' id='word_1_206' title='bbox 712 2501 799 2559; x_wconf 90' lang='lat' dir='ltr'><strong>modo</strong></span> <span class='ocrx_word' id='word_1_207' title='bbox 831 2500 921 2558; x_wconf 88' lang='lat' dir='ltr'><strong>miser</strong></span> <span class='ocrx_word' id='word_1_208' title='bbox 948 2502 999 2558; x_wconf 87' lang='lat' dir='ltr'><strong>cst.</strong></span> <span class='ocrx_word' id='word_1_209' title='bbox 1045 2499 1137 2560; x_wconf 88' lang='lat' dir='ltr'><strong>fidem</strong></span> <span class='ocrx_word' id='word_1_210' title='bbox 1152 2521 1176 2562; x_wconf 77' lang='lat' dir='ltr'><strong>ss</strong></span> 
     </span>
     <span class='ocr_line' id='line_1_27' title="bbox 121 2590 1139 2665; baseline 0 -15"><span class='ocrx_word' id='word_1_211' title='bbox 121 2595 265 2665; x_wconf 82' lang='lat' dir='ltr'><strong>vestram,</strong></span> <span class='ocrx_word' id='word_1_212' title='bbox 297 2591 423 2664; x_wconf 85' lang='lat' dir='ltr'><strong>iudices,</strong></span> <span class='ocrx_word' id='word_1_213' title='bbox 455 2609 491 2648; x_wconf 87' lang='lat' dir='ltr'><strong>ne</strong></span> <span class='ocrx_word' id='word_1_214' title='bbox 518 2590 585 2648; x_wconf 84' lang='lat' dir='ltr'><strong>ideo</strong></span> <span class='ocrx_word' id='word_1_215' title='bbox 612 2593 732 2648; x_wconf 84' lang='lat' dir='ltr'><strong>tantum</strong></span> <span class='ocrx_word' id='word_1_216' title='bbox 757 2590 871 2665; x_wconf 86' lang='lat' dir='ltr'><strong>putetis</strong></span> <span class='ocrx_word' id='word_1_217' title='bbox 900 2591 1026 2662; x_wconf 89' lang='lat' dir='ltr'><strong>iustum,</strong></span> <span class='ocrx_word' id='word_1_218' title='bbox 1055 2591 1139 2664; x_wconf 83' lang='lat' dir='ltr'><strong>quod</strong></span> 
     </span>
     <span class='ocr_line' id='line_1_28' title="bbox 122 2678 1137 2758; baseline 0 -19"><span class='ocrx_word' id='word_1_219' title='bbox 122 2683 215 2758; x_wconf 81' lang='lat' dir='ltr'><strong>exigit</strong></span> <span class='ocrx_word' id='word_1_220' title='bbox 241 2700 322 2754; x_wconf 91' lang='lat' dir='ltr'><strong>reus,</strong></span> <span class='ocrx_word' id='word_1_221' title='bbox 350 2680 421 2755; x_wconf 87' lang='lat' dir='ltr'><strong>quia</strong></span> <span class='ocrx_word' id='word_1_222' title='bbox 450 2698 504 2755; x_wconf 85' lang='lat' dir='ltr'><strong>ago</strong></span> <span class='ocrx_word' id='word_1_223' title='bbox 531 2697 641 2738; x_wconf 87' lang='lat' dir='ltr'><strong>recuso.</strong></span> <span class='ocrx_word' id='word_1_224' title='bbox 687 2698 746 2738; x_wconf 91' lang='lat' dir='ltr'><strong>non</strong></span> <span class='ocrx_word' id='word_1_225' title='bbox 773 2678 890 2737; x_wconf 84' lang='lat' dir='ltr'><strong>ferretis</strong></span> <span class='ocrx_word' id='word_1_226' title='bbox 917 2697 965 2736; x_wconf 89' lang='lat' dir='ltr'><strong>me</strong></span> <span class='ocrx_word' id='word_1_227' title='bbox 993 2681 1137 2754; x_wconf 87' lang='lat' dir='ltr'><strong>pauperis</strong></span> 
     </span>
     <span class='ocr_line' id='line_1_29' title="bbox 121 2767 1137 2845; baseline 0 -18"><span class='ocrx_word' id='word_1_228' title='bbox 121 2773 247 2829; x_wconf 86' lang='lat' dir='ltr'><strong>mortam</strong></span> <span class='ocrx_word' id='word_1_229' title='bbox 270 2772 434 2845; x_wconf 87' lang='lat' dir='ltr'><strong>petentem,</strong></span> <span class='ocrx_word' id='word_1_230' title='bbox 457 2770 484 2827; x_wconf 90' lang='lat' dir='ltr'><strong>si</strong></span> <span class='ocrx_word' id='word_1_231' title='bbox 506 2768 614 2827; x_wconf 91' lang='lat' dir='ltr'><strong>liberos</strong></span> <span class='ocrx_word' id='word_1_232' title='bbox 638 2787 705 2828; x_wconf 91' lang='lat' dir='ltr'><strong>suos</strong></span> <span class='ocrx_word' id='word_1_233' title='bbox 729 2767 893 2843; x_wconf 85' lang='lat' dir='ltr'><strong>optulisset.</strong></span> <span class='ocrx_word' id='word_1_234' title='bbox 939 2786 974 2826; x_wconf 85' lang='grc'><strong>61(</strong></span> <span class='ocrx_word' id='word_1_235' title='bbox 997 2769 1137 2827; x_wconf 88' lang='lat' dir='ltr'><strong>omnibus</strong></span> 
     </span>
    </p>

    <p class='ocr_par' dir='ltr' id='par_1_5' title="bbox 16 2846 1136 2935">
     <span class='ocr_line' id='line_1_30' title="bbox 16 2846 1136 2935; baseline -0.002 -16"><span class='ocrx_word' id='word_1_236' title='bbox 16 2846 19 2855; x_wconf 51' lang='lat'><strong>¹</strong></span> <span class='ocrx_word' id='word_1_237' title='bbox 121 2862 222 2918; x_wconf 85' lang='lat' dir='ltr'><strong>tamen</strong></span> <span class='ocrx_word' id='word_1_238' title='bbox 251 2859 417 2934; x_wconf 86' lang='lat' dir='ltr'><strong>quicunque</strong></span> <span class='ocrx_word' id='word_1_239' title='bbox 449 2859 614 2935; x_wconf 88' lang='lat' dir='ltr'><strong>incognita,</strong></span> <span class='ocrx_word' id='word_1_240' title='bbox 646 2856 781 2915; x_wconf 87' lang='lat' dir='ltr'><strong>inaudita</strong></span> <span class='ocrx_word' id='word_1_241' title='bbox 812 2858 894 2931; x_wconf 87' lang='lat' dir='ltr'><strong>passi</strong></span> <span class='ocrx_word' id='word_1_242' title='bbox 921 2858 1003 2929; x_wconf 90' lang='lat' dir='ltr'><strong>sunt,</strong></span> <span class='ocrx_word' id='word_1_243' title='bbox 1035 2857 1136 2917; x_wconf 90' lang='lat' dir='ltr'><strong>nullos</strong></span> 
     </span>
    </p>
   </div>
   <div class='ocr_carea' id='block_1_3' title="bbox 121 2945 1174 3025">
    <p class='ocr_par' dir='ltr' id='par_1_6' title="bbox 121 2945 1174 3025">
     <span class='ocr_line' id='line_1_31' title="bbox 121 2945 1174 3025; baseline 0.002 -19"><span class='ocrx_word' id='word_1_244' title='bbox 121 2949 177 3007; x_wconf 86' lang='lat' dir='ltr'><strong>hac</strong></span> <span class='ocrx_word' id='word_1_245' title='bbox 204 2948 269 3025; x_wconf 86' lang='lat' dir='ltr'><strong>lego</strong></span> <span class='ocrx_word' id='word_1_246' title='bbox 297 2950 394 3024; x_wconf 90' lang='lat' dir='ltr'><strong>magis</strong></span> <span class='ocrx_word' id='word_1_247' title='bbox 421 2946 615 3006; x_wconf 83' lang='lat' dir='ltr'><strong>vindicandos</strong></span> <span class='ocrx_word' id='word_1_248' title='bbox 646 2948 720 3022; x_wconf 92' lang='lat' dir='ltr'><strong>puto</strong></span> <span class='ocrx_word' id='word_1_249' title='bbox 749 2963 838 3020; x_wconf 92' lang='lat' dir='ltr'><strong>quam</strong></span> <span class='ocrx_word' id='word_1_250' title='bbox 867 2964 993 3020; x_wconf 76' lang='lat' dir='ltr'><strong>quonam</strong></span> <span class='ocrx_word' id='word_1_251' title='bbox 1024 2945 1136 3005; x_wconf 86' lang='lat' dir='ltr'><strong>liberos</strong></span> <span class='ocrx_word' id='word_1_252' title='bbox 1150 2967 1174 3008; x_wconf 83' lang='lat' dir='ltr'><strong>sc</strong></span> 
     </span>
    </p>
   </div>
   <div class='ocr_carea' id='block_1_4' title="bbox 194 3097 1136 3167">
    <p class='ocr_par' dir='ltr' id='par_1_7' title="bbox 194 3097 1136 3167">
     <span class='ocr_line' id='line_1_32' title="bbox 194 3097 1136 3167; baseline -0.001 -14"><span class='ocrx_word' id='word_1_253' title='bbox 194 3100 395 3153; x_wconf 79' lang='lat' dir='ltr'><strong>2tantundem</strong></span> <span class='ocrx_word' id='word_1_254' title='bbox 416 3099 463 3153; x_wconf 83' lang='lat' dir='ltr'><strong>Gr.</strong></span> <span class='ocrx_word' id='word_1_255' title='bbox 556 3099 694 3167; x_wconf 71' lang='lat' dir='ltr'><strong>3putas</strong></span> <span class='ocrx_word' id='word_1_256' title='bbox 783 3097 937 3150; x_wconf 87' lang='lat' dir='ltr'><strong>4maerori</strong></span> <span class='ocrx_word' id='word_1_257' title='bbox 956 3105 1022 3160; x_wconf 72' lang='lat' dir='ltr'><strong>msc</strong></span> <span class='ocrx_word' id='word_1_258' title='bbox 1093 3097 1136 3152; x_wconf 91' lang='lat' dir='ltr'><strong>in-</strong></span> 
     </span>
    </p>
   </div>
   <div class='ocr_carea' id='block_1_5' title="bbox 122 3185 1136 3400">
    <p class='ocr_par' dir='ltr' id='par_1_8' title="bbox 122 3185 1136 3400">
     <span class='ocr_line' id='line_1_33' title="bbox 122 3185 1136 3293; baseline 0.001 -17"><span class='ocrx_word' id='word_1_259' title='bbox 122 3224 208 3276; x_wconf 86' lang='lat' dir='ltr'><strong>ducat</strong></span> <span class='ocrx_word' id='word_1_260' title='bbox 226 3233 293 3288; x_wconf 73' lang='lat' dir='ltr'><strong>msc</strong></span> <span class='ocrx_word' id='word_1_261' title='bbox 353 3230 385 3277; x_wconf 90' lang='lat'><strong>11</strong></span> <span class='ocrx_word' id='word_1_262' title='bbox 405 3239 502 3293; x_wconf 91' lang='lat' dir='ltr'><strong>quam:</strong></span> <span class='ocrx_word' id='word_1_263' title='bbox 522 3223 599 3292; x_wconf 89' lang='lat' dir='ltr'><strong>quod</strong></span> <span class='ocrx_word' id='word_1_264' title='bbox 617 3231 644 3275; x_wconf 80' lang='lat' dir='ltr'><em>P</em></span> <span class='ocrx_word' id='word_1_265' title='bbox 660 3221 702 3275; x_wconf 83' lang='lat' dir='ltr'><strong>bis</strong></span> <span class='ocrx_word' id='word_1_266' title='bbox 763 3185 1136 3288; x_wconf 67' lang='lat' dir='ltr'><strong>1aexeesser¹1³t113exces</strong></span> 
     </span>
     <span class='ocr_line' id='line_1_34' title="bbox 122 3310 1135 3400; baseline 0.001 -17"><span class='ocrx_word' id='word_1_267' title='bbox 122 3330 210 3384; x_wconf 87' lang='lat' dir='ltr'><strong>serint</strong></span> <span class='ocrx_word' id='word_1_268' title='bbox 231 3339 315 3395; x_wconf 74' lang='lat' dir='ltr'><strong>fflso</strong></span> <span class='ocrx_word' id='word_1_269' title='bbox 385 3336 417 3384; x_wconf 80' lang='lat'><strong>15</strong></span> <span class='ocrx_word' id='word_1_270' title='bbox 436 3330 563 3400; x_wconf 87' lang='lat' dir='ltr'><strong>patiatur</strong></span> <span class='ocrx_word' id='word_1_271' title='bbox 580 3339 608 3382; x_wconf 80' lang='lat' dir='ltr'><em>B</em></span> <span class='ocrx_word' id='word_1_272' title='bbox 677 3326 758 3396; x_wconf 89' lang='lat' dir='ltr'><strong>quid:</strong></span> <span class='ocrx_word' id='word_1_273' title='bbox 777 3326 878 3394; x_wconf 70' lang='lat' dir='ltr'><strong>quiae</strong></span> <span class='ocrx_word' id='word_1_274' title='bbox 951 3333 982 3380; x_wconf 88' lang='grc'><strong>19</strong></span> <span class='ocrx_word' id='word_1_275' title='bbox 1002 3310 1135 3398; x_wconf 67' lang='lat' dir='ltr'><strong>gtssatus</strong></span> 
     </span>
    </p>
   </div>
   <div class='ocr_carea' id='block_1_6' title="bbox 120 3419 1136 3651">
    <p class='ocr_par' dir='ltr' id='par_1_9' title="bbox 120 3419 1136 3651">
     <span class='ocr_line' id='line_1_35' title="bbox 121 3419 1136 3506; baseline 0.001 -15"><span class='ocrx_word' id='word_1_276' title='bbox 121 3448 149 3491; x_wconf 77' lang='lat' dir='ltr'><em>B</em></span> <span class='ocrx_word' id='word_1_277' title='bbox 220 3437 322 3506; x_wconf 84' lang='lat' dir='ltr'><strong>aliquis</strong></span> <span class='ocrx_word' id='word_1_278' title='bbox 341 3447 373 3490; x_wconf 75' lang='grc' dir='ltr'><em>Μ</em></span> <span class='ocrx_word' id='word_1_279' title='bbox 442 3442 476 3490; x_wconf 81' lang='lat'><strong>20</strong></span> <span class='ocrx_word' id='word_1_280' title='bbox 495 3419 684 3490; x_wconf 75' lang='lat' dir='ltr'><strong>reffldaturV</strong></span> <span class='ocrx_word' id='word_1_281' title='bbox 752 3438 785 3486; x_wconf 79' lang='lat'><strong>2³</strong></span> <span class='ocrx_word' id='word_1_282' title='bbox 804 3432 895 3486; x_wconf 86' lang='lat' dir='ltr'><strong>brevis</strong></span> <span class='ocrx_word' id='word_1_283' title='bbox 913 3443 937 3486; x_wconf 77' lang='lat' dir='ltr'><em>J</em></span> <span class='ocrx_word' id='word_1_284' title='bbox 1006 3434 1136 3492; x_wconf 78' lang='lat' dir='ltr'><strong>iustitiae</strong></span> 
     </span>
     <span class='ocr_line' id='line_1_36' title="bbox 120 3508 1082 3651; baseline -0.002 -89"><span class='ocrx_word' id='word_1_285' title='bbox 120 3508 399 3651; x_wconf 44' lang='lat' dir='ltr'><strong>{inssiffiffndim</strong></span> <span class='ocrx_word' id='word_1_286' title='bbox 416 3511 445 3577; x_wconf 73' lang='lat' dir='ltr'><strong>b)</strong></span> <span class='ocrx_word' id='word_1_287' title='bbox 463 3518 491 3561; x_wconf 79' lang='grc' dir='ltr'><strong><em>Β</em></strong></span> <span class='ocrx_word' id='word_1_288' title='bbox 562 3512 595 3560; x_wconf 79' lang='lat'><strong>24</strong></span> <span class='ocrx_word' id='word_1_289' title='bbox 611 3518 721 3574; x_wconf 78' lang='lat' dir='ltr'><strong>poenae</strong></span> <span class='ocrx_word' id='word_1_290' title='bbox 739 3520 789 3558; x_wconf 85' lang='lat' dir='ltr'><strong>om.</strong></span> <span class='ocrx_word' id='word_1_291' title='bbox 806 3513 847 3570; x_wconf 76' lang='lat' dir='ltr'><strong>M,</strong></span> <span class='ocrx_word' id='word_1_292' title='bbox 867 3520 939 3573; x_wconf 86' lang='lat' dir='ltr'><strong>pene</strong></span> <span class='ocrx_word' id='word_1_293' title='bbox 958 3521 1033 3573; x_wconf 83' lang='lat' dir='ltr'><strong>supr.</strong></span> <span class='ocrx_word' id='word_1_294' title='bbox 1048 3529 1082 3560; x_wconf 72' lang='lat' dir='ltr'>n</span> 
     </span>
    </p>
   </div>
   <div class='ocr_carea' id='block_1_7' title="bbox 0 0 1220 3952">
    <p class='ocr_par' dir='ltr' id='par_1_10' title="bbox 0 0 1220 3952">
     <span class='ocr_line' id='line_1_37' title="bbox 0 0 1220 3952; baseline 0 0"><span class='ocrx_word' id='word_1_295' title='bbox 0 0 1220 3952; x_wconf 95' lang='lat' dir='ltr'><strong> </strong></span> 
     </span>
    </p>
   </div>
  </div>
 </body>
</html>
