2430 3952
408 183 891 272 nccalnsrrcunsxm-xu
1088 217 1155 282 383

142 387 174 444 in
188 388 316 446 nominis
330 387 419 446 unius
437 388 604 462 potentiam
618 405 719 446 omnes
732 387 862 461 reliquos
877 388 1005 464 stringat
1024 386 1155 447 affectus

141 476 273 551 primum
288 476 367 550 quod
380 475 496 534 inducit
508 477 596 535 unius
615 475 718 536 edium
736 478 766 535 et
780 475 907 534 aliorum
925 476 1058 535 omnium
1072 476 1156 535 tollit

143 584 282 638 amorem,
305 567 335 623 et
357 566 467 623 mirum
488 566 522 622 in
543 565 664 623 modum
686 565 750 640 ipse
772 565 910 623 iuimicus
936 581 1049 623 amasse
1072 565 1155 641 volo;

142 654 192 712 odi
213 653 361 728 siquidem
377 672 582 728 necunquam
603 656 685 713 visus
705 662 775 712 sum'
788 653 884 730 magis
903 671 1025 712 amasse.
1070 653 1154 730 potio

115 743 246 804 sinfelix
269 761 345 817 quae
367 763 414 801 me
442 743 608 802 condicioni
634 742 793 801 infelicicri
821 742 953 802 subiecit.
1001 761 1077 816 quae
1099 763 1153 819 pu·

140 832 214 891 tatis
237 849 300 891 esse
322 833 471 891 tormenta
494 836 542 891 etc.
567 824 614 911 (p.
633 833 708 900 276,
726 822 770 912 2).

426 1063 491 1122 XV.
514 1061 638 1132 11111111
660 1079 720 1122 rac
744 1079 867 1120 suumn.

206 1187 274 1245 Non
293 1187 412 1246 videtur
429 1187 562 1262 perfecta
579 1186 709 1262 potionis
723 1187 876 1263 persuasio
895 1205 971 1261 quae
989 1186 1153 1262 perfectum

140 1276 242 1334 odium
265 1276 367 1335 debuit
390 1294 538 1354 generare.
583 1278 711 1336 nonest
736 1277 837 1335 autem
859 1274 959 1334 odium
987 1275 1038 1334 sed
1061 1294 1153 1350 amor,

100 1384 208 1426 recum
231 1384 339 1440 queror
357 1365 392 1423 de
412 1384 512 1423 amore
529 1363 654 1440 perdito.
701 1367 791 1432 amat,
815 1383 833 1424 ο
851 1365 973 1438 iudices,
996 1365 1078 1422 amat
1102 1367 1154 1440 qui

141 1455 276 1528 queritur
307 1453 385 1528 quod
417 1472 477 1512 non
514 1455 638 1512 ametur.
693 1453 810 1528 quando
843 1453 952 1512 venisti
982 1453 1102 1527 melius,
1134 1472 1152 1513 ο

139 1543 264 1616 iuvenis,
286 1543 318 1600 in
336 1543 442 1601 forum.
488 1561 567 1601 nunc
586 1542 664 1601 enim
681 1542 762 1619 leges
786 1543 816 1601 et
837 1542 905 1600 iura
922 1542 1060 1616 loqueris
1085 1560 1151 1600 ecn-

139 1632 268 1706 viciaris‚
286 1631 438 1692 maledicis
456 1631 661 1691 meretricibus
681 1650 754 1706 quas
769 1630 919 1706 quondam
936 1631 1060 1689 laudare
1078 1631 1151 1691 sole·

138 1719 205 1795 bas,
233 1723 264 1779 et
289 1720 346 1779 hoc
373 1721 486 1779 virtute
512 1719 643 1796 potionis
671 1721 816 1796 acceptae.
861 1720 940 1778 hunc
962 1721 997 1777 tu
1020 1721 1152 1778 animum

99 1829 124 1870 11
138 1810 226 1868 modo
248 1811 327 1868 inter
349 1809 488 1869 libidines
516 1828 551 1868 ac
574 1811 672 1868 scorta
699 1808 855 1885 perdebas,
885 1810 979 1867 macie
1001 1808 1158 1884 1111111111,Χ

137 1899 252 1974 pallore
280 1899 419 1957 deformis
448 1900 478 1957 et
501 1899 565 1956 sola
582 1891 798 1974 ¹impatientiae
825 1900 896 1955 tuae
922 1897 1027 1956 fabula
1053 1901 1151 1957 notus

137 1987 282 2064 perieras,
313 1987 430 2062 infelix,
462 1987 521 2046 nisi
552 1986 677 2046 bibisses
709 2006 862 2045 venenum.
917 2005 995 2045 nunc
1027 1986 1152 2045 erectior

135 2077 246 2136 resedit
263 2077 296 2135 in
318 2094 420 2136 sensus
446 2076 545 2154 vigor,
568 2076 600 2134 in
626 2075 758 2134 membra
785 2077 906 2153 sanguis
929 2075 1042 2134 viribus
1066 2077 1151 2136 velut

136 2185 233 2225 novae
254 2166 419 2225 iuventutis
439 2166 583 2224 exultans.
628 2164 737 2224 bibisse
759 2167 790 2223 te
810 2164 1060 2223 medicamentum
1081 2185 1151 2241 prc-

96 2275 123 2314 11
136 2254 207 2314 bare
230 2275 291 2315 non
307 2273 417 2331 posses,
440 2256 500 2314 nisi
517 2255 657 2314 meretrix
674 2255 827 2313 fateretur.
873 2273 927 2313 nec
944 2272 1012 2313 reus
1035 2256 1080 2313 est
1099 2254 1150 2313 sed

136 2344 232 2420 magis
255 2345 420 2422 gratiarum
449 2345 564 2402 actione
592 2343 699 2420 dignus
727 2344 780 2418 qui
805 2342 955 2402 benefacit
977 2345 1007 2402 et
1028 2343 1151 2418 prodest

135 2433 240 2491 invito.
293 2432 345 2492 sed
371 2433 459 2492 dicis:
488 2434 673 2492 meretricem
703 2450 816 2491 accuso.
866 2431 917 2490 sed
946 2432 1057 2490 iudices
1089 2451 1149 2490 non

136 2521 244 2579 debent
266 2521 433 2580 nominibus
462 2524 618 2581 aestimare
644 2540 710 2580 reos
741 2520 792 2579 sed
814 2521 953 2580 moribus.
999 2519 1104 2594 vultis,
1132 2539 1149 2579 ο

135 2609 256 2684 iudices,
278 2609 482 2686 integritatem
499 2611 616 2685 puellae
635 2609 765 2669 breviter
786 2609 916 2684 probem.
961 2609 1039 2668 hanc
1060 2628 1150 2682 quam

95 2719 122 2758 rs
136 2717 215 2757 nunc
237 2717 354 2774 pauper
383 2697 560 2773 detestatur,
590 2702 723 2772 accusat,
754 2717 854 2757 amare
883 2698 995 2757 mallet.
1041 2697 1150 2773 11111111,

134 2789 260 2863 iudices,
283 2787 417 2845 facinora
441 2805 544 2846 causas
567 2788 616 2846 vel
639 2787 675 2846 de
698 2787 861 2863 cupiditate
884 2787 932 2845 vel
955 2786 991 2845 de
1014 2786 1149 2847 simulta-

134 2878 215 2937 tibus
237 2876 370 2935 trahunt.
416 2877 488 2950 quid
515 2876 616 2935 odium
639 2876 675 2935 de
703 2878 835 2935 amatore
861 2873 1031 2934 meretrici?
1072 2893 1148 2950 quae

134 2967 244 3042 praeda
263 2965 298 3024 de
317 2963 469 3042 paupere?
513 2965 615 3023 odium
632 2966 732 3040 inquit
753 2967 860 3041 accepi.
906 2965 958 3024 sed
980 2964 1045 3024 dico
1070 2964 1149 3040 quod

133 3055 190 3115 hoc
213 3055 382 3115 estodium
405 3055 536 3113 salutare
563 3055 748 3113 meretricem
771 3054 860 3114 odire.
907 3054 1016 3129 odium,
1040 3054 1147 3129 inquit,

94 3164 121 3203 eo
137 3145 237 3219 accepi
260 3148 364 3203 contra
386 3163 508 3202 uxorem
532 3145 562 3202 et
584 3142 661 3203 filios
684 3161 773 3219 meae,
796 3146 832 3201 ut
853 3162 871 3201 a
894 3145 984 3203 sacris
1009 3162 1149 3203 evocarer

135 3233 296 3293 affectibus.
337 3234 388 3292 sed
407 3233 473 3292 dico
492 3233 572 3308 quod
589 3232 665 3290 illud
689 3233 790 3291 odium
807 3235 839 3290 in
859 3235 1014 3292 meretrice
1032 3233 1147 3292 facinus

134 3323 180 3381 est
202 3341 261 3396 quo
279 3324 376 3381 utitur
397 3324 429 3381 in
447 3323 495 3381 sui
513 3321 677 3381 caritatem.
718 3323 763 3380 ita
781 3322 829 3380 vel
846 3323 903 3380 hoc
923 3322 1019 3381 solum
1037 3321 1148 3381 sufficit

134 3411 317 3469 excusationi
339 3411 419 3487 quod
442 3412 497 3470 illa
520 3413 626 3470 contra
643 3429 673 3470 se
691 3412 810 3470 tantum
831 3410 919 3470 dedit
961 3411 1059 3470 laetus
1078 3430 1147 3488 ergo

132 3500 189 3574 dic,
208 3499 332 3575 iuvenis,
351 3502 559 3578 congratulare
576 3501 659 3575 mihi,
677 3499 740 3559 bibi
757 3501 1006 3559 medicamentum
1021 3500 1147 3573 crudele,

92 3607 263 3664 assuerum,
287 3589 362 3648 desii
382 3609 498 3666 pauper
516 3608 616 3653 amare
637 3591 829 3650 meretricem.
875 3590 998 3648 iamiam
1020 3607 1079 3648 non
1102 3589 1148 3646 in-
