2430 3952
389 185 622 242 DECLAMATIO
640 186 667 240 II
681 189 792 241 20423.
1051 186 1093 250 39

87 376 148 416 non
174 355 365 430 abscondere,
393 359 423 414 et
449 357 557 415 tamen
578 356 767 414 cruentatum
793 355 875 414 sciat.
922 354 987 430 quis
1010 355 1095 429 hanc,

87 444 212 520 iudices,
237 445 443 521 inpudentiam
466 443 573 503 ferat?
608 447 699 522 negat
722 463 808 504 caeco
831 445 941 521 surripi
962 445 1093 520 potuisse

88 530 223 612 gladium
250 534 359 593 mulier
381 552 458 610 quae
486 552 517 593 se
545 535 645 610 quiete
672 534 811 592 defendit.
858 535 888 592 et
911 535 1023 609 quanto
1051 535 1094 591 fa·

87 621 173 683 cilius
196 626 241 682 est
263 641 381 682 somnos
404 623 537 698 decipere
560 620 756 681 miserorum?
801 612 922 699 gravior
945 625 989 681 est
1013 621 1094 697 quies

61 711 195 788 equibus
218 731 253 770 ex
275 711 450 771 lassitudine
474 711 691 770 calamitatium
714 711 804 773 venit.
850 728 935 770 caeco
958 729 1028 770 vero
1051 711 1096 768 fa=

88 801 144 859 oile
168 804 224 875 est,
252 800 343 859 etiam
366 801 506 877 vigilanti
529 800 680 876 subripere
703 800 845 876 gladium.
893 794 1096 878 [quemadmo-

88 891 159 948 dum
186 887 309 965 paratur
336 883 577 968 argumentans]
624 890 770 965 quaedam
792 889 889 948 facere
911 907 971 947 non
997 890 1097 964 potest

87 978 289 1055 neglegentia,
318 981 347 1036 et
370 977 488 1037 facilius
507 980 564 1053 est,
587 980 622 1035 ut
645 978 818 1036 caecitatem
839 977 995 1035 imitentur
1017 977 1096 1035 oculi

60 1075 62 1079 ’
88 1062 237 1146 [gladium
256 1069 442 1125 cruentatum
456 1060 641 1145 reponendi].
673 1068 727 1126 has
745 1069 866 1125 tantum
884 1084 987 1126 causas
1006 1065 1097 1123 habet

47 1179 73 1217 ro
88 1157 141 1232 qui
165 1155 273 1214 occidit
296 1155 402 1215 alieno⁸
605 1161 607 1164 ’
778 1176 780 1179 ’

155 1244 267 1320 Sentio,
289 1245 410 1318 iudices,
432 1244 605 1304 iamdudum
626 1244 777 1322 indignari
794 1243 993 1302 miserrimum
1015 1243 1096 1301 iuve-
1111 1242 1149 1298 23

86 1333 258 1409 ηεκηφιοᾱ
286 1334 491 1410 ατςιιιῃθηὺίε,.
505 1334 585 1409 quod
611 1333 785 1409 probatione
812 1332 986 1391 defenditur.
1032 1333 1096 1390 red·

88 1423 186 1481 denda
203 1425 272 1481 sunt
289 1423 418 1482 maximo
432 1424 565 1481 virorum
583 1422 749 1497 patrocinia
767 1423 831 1479 tam
848 1421 916 1497 piae
935 1420 1097 1494 caecitatis,

89 1514 119 1569 et
142 1512 256 1588 agenda
279 1512 394 1588 reliqua
417 1529 486 1587 pars
509 1529 615 1569 causae
638 1509 841 1568 admiratione.
883 1509 993 1568 intueri
1015 1509 1097 1583 mihi,

48 1623 74 1663 15
89 1599 213 1675 iudices,
241 1599 344 1659 videor
367 1600 566 1676 'expeditionis
593 1599 675 1658 illius
702 1598 905 1657 incredibilem
931 1602 1097 1673 novamque

88 1689 203 1748 faciem
239 1689 324 1749 vadit
346 1689 433 1765 rapto
455 1688 673 1764 patre'iuvenis
696 1708 749 1763 per
768 1687 902 1746 ardentes
921 1689 1096 1746 crescentes-

89 1797 147 1853 que
169 1778 313 1837 flammas
350 1778 497 1837 dicturum
520 1777 713 1852 me'putctis‚
735 1779 771 1835 ut
789 1776 905 1850 evadat,
928 1777 962 1833 ut
979 1772 1097 1851 fugiat?

87 1871 229 1943 properat
251 1869 349 1941 miser,
371 1871 407 1926 ut
429 1869 604 1938 reuertatur.
643 1885 679 1924 en
701 1865 823 1923 menbra
845 1866 985 1924 contactu
1010 1865 1097 1922 strin-

89 1959 202 2033 guntur
224 1956 352 2032 ignium,
380 1958 466 2032 pater
487 1957 588 2014 tamen
610 1957 675 2014 toto
699 1956 867 2031 cooperitur
889 1953 1040 2029 amplexu,
1068 1955 1098 2015 et

47 2069 74 2106 ao
89 2045 261 2104 ardentibus
288 2047 360 2104 tunc
382 2064 498 2121 quoque
526 2062 619 2120 paene
642 2043 803 2102 luminibus
830 2045 966 2101 texerunt
993 2049 1097 2104 'manus

89 2135 213 2194 alterius
232 2134 340 2192 oculos.
377 2134 432 2192 hoc
451 2152 528 2192 nunc
545 2153 593 2191 me
611 2133 725 2209 putatis
749 2134 876 2209 stupere,
898 2131 1001 2189 mirari
1020 2130 1099 2206 quod

88 2223 158 2282 huic
185 2223 302 2282 iuvenis
330 2222 412 2282 oneri
439 2242 492 2298 per
518 2221 630 2281 medios
658 2222 774 2298 ignium
801 2221 905 2297 globos
928 2222 958 2279 et
980 2221 1098 2278 ruentia

89 2312 169 2371 tecta
196 2310 325 2371 sufficit?
352 2311 430 2371 illud
457 2314 502 2371 est
530 2311 577 2369 oui
603 2311 653 2370 vix
679 2309 787 2369 habere
810 2309 904 2385 possit
930 2308 1098 2368 mortalitas

90 2401 190 2459 fidem:
222 2401 305 2460 visus
333 2404 377 2460 est
404 2400 463 2459 sibi
489 2400 592 2458 fecisse
620 2419 683 2458 rem
712 2399 837 2458 facilem.
885 2400 1026 2473 quantae,
1056 2395 1100 2454 dii

50 2511 76 2551 ae
91 2490 234 2564 deaeque,
257 2491 377 2565 pietatis
402 2489 527 2548 audacia
550 2491 608 2562 eet,
631 2489 673 2546 ire
696 2506 798 2546 rursus
820 2487 853 2545 in
874 2486 1022 2561 flammae,
1045 2485 1098 2543 illo

161 2768 291 2821 ltamen
305 2765 379 2835 quod
396 2766 572 2818 cruentatum
587 2773 619 2816 Β
660 2763 735 2832 quie:
755 2762 824 2832 quid
844 2772 865 2815 V
912 2759 1068 2830 asuprripi
1082 2769 1103 2812 V
1194 2761 1199 2798 ¹

90 2844 105 2892 ὅ
125 2837 227 2907 quibus
246 2853 296 2891 om.
316 2846 337 2888 V
387 2835 591 2900 calamitatium
608 2844 647 2903 Β;
666 2835 750 2887 -tium
768 2844 818 2887 VM
826 2834 1007 2898 Oolbertioas3
1026 2835 1099 2885 ·tum

89 2910 190 2978 reliqui
231 2947 233 2950 ψ
261 2914 324 2976 deq
344 2906 829 2976 quemadmodum-argumentum
848 2904 897 2960 del.
918 2906 989 2960 Desa
1069 2903 1098 2956 in

90 2980 155 3034 aliis
169 2980 249 3033 libris
263 2996 320 3033 non
333 2979 365 3031 fit
378 2977 562 3048 interrogatio
576 2980 640 3047 post
654 2979 857 3046 argumentum,
873 2976 921 3030 sed
935 2977 1055 3030 metrum
1068 2975 1100 3028 ic

89 3069 217 3122 morgan
263 3052 393 3105 'lautam
407 3051 617 3118 comparatum
635 3049 773 3113 adotmcy
818 3049 926 3117 paritur
939 3057 964 3100 J
1004 3046 1100 3115 tigla-

91 3123 170 3177 dium
188 3120 395 3190 -reponendi
414 3120 464 3175 det.
479 3121 558 3175 Dese.
573 3137 603 3188 p.
620 3123 655 3174 72
711 3120 865 3189 reponendi
884 3141 914 3173 a:
933 3119 1099 3188 reponentes

372 3192 408 3244 de

90 3261 134 3313 βγς
153 3247 202 3300 -tis
222 3259 242 3299 o
298 3251 330 3299 12
350 3246 437 3299 redde
456 3253 493 3310 Β,
512 3260 626 3299 coemm
688 3248 721 3296 14
740 3242 906 3298 dmiratione
928 3252 966 3312 V¹
1001 3247 1033 3295 15
1053 3257 1097 3294 ex-

90 3318 255 3388 peditionis:
275 3321 319 3372 ois
338 3318 369 3372 ia
387 3334 442 3372 ras.
457 3324 499 3381 M3
518 3314 701 3384 expositionis
720 3324 749 3381 J,
769 3327 862 3370 coemo
922 3319 955 3367 18
974 3313 1099 3379 menjrbra

89 3399 117 3443 Β
177 3389 332 3458 etrigantur
349 3398 377 3441 Β
439 3387 867 3457 sumanus:menes{r1,ic
884 3403 969 3456 marg.
985 3401 1052 3439 corr.
1067 3405 1099 3436 m

91 3502 123 3549 21
146 3477 233 3565 btatis
251 3505 278 3548 Β
332 3501 365 3549 22
383 3493 482 3549 honeri
495 3502 549 3546 ΒΡ
583 3497 634 3546 ’23
655 3490 764 3546 suffecit
783 3505 809 3545 ss
860 3497 894 3546 24
912 3492 1035 3559 quantae
1054 3502 1098 3554 co:

90 3569 198 3636 quanta
216 3568 246 3621 et
262 3576 322 3634 Βῆ
342 3568 449 3636 quanta
463 3573 495 3618 Β
565 3569 597 3618 25
617 3563 714 3618 flamas
733 3574 760 3617 Β

1059 3702 1148 3723 ...Η
