<?xml version="1.0" encoding="UTF-8"?>
<!DOCTYPE html PUBLIC "-//W3C//DTD XHTML 1.0 Transitional//EN"
    "http://www.w3.org/TR/xhtml1/DTD/xhtml1-transitional.dtd">
<html xmlns="http://www.w3.org/1999/xhtml" xml:lang="en" lang="en">
 <head>
  <title>
</title>
<meta http-equiv="Content-Type" content="text/html;charset=utf-8" />
  <meta name='ocr-system' content='tesseract 3.04.00' />
  <meta name='ocr-capabilities' content='ocr_page ocr_carea ocr_par ocr_line ocrx_word'/>
</head>
<body>
  <div class='ocr_page' id='page_1' title='image "./qvintilianiqvae00quingoog_0120.png"; bbox 0 0 2430 3952; ppageno 0'>
   <div class='ocr_carea' id='block_1_1' title="bbox 357 173 1070 240">
    <p class='ocr_par' dir='ltr' id='par_1_1' title="bbox 357 173 1070 240">
     <span class='ocr_line' id='line_1_1' title="bbox 357 173 1070 240; baseline 0.006 -13"><span class='ocrx_word' id='word_1_1' title='bbox 357 173 591 230; x_wconf 76' lang='lat' dir='ltr'><strong>DECLAMATIO</strong></span> <span class='ocrx_word' id='word_1_2' title='bbox 608 174 648 229; x_wconf 83' lang='lat' dir='ltr'>IV</span> <span class='ocrx_word' id='word_1_3' title='bbox 662 181 774 229; x_wconf 81' lang='lat'>13-15.</span> <span class='ocrx_word' id='word_1_4' title='bbox 1030 176 1070 240; x_wconf 84' lang='lat'>81</span> 
     </span>
    </p>
   </div>
   <div class='ocr_carea' id='block_1_2' title="bbox 19 343 1125 2375">
    <p class='ocr_par' dir='ltr' id='par_1_2' title="bbox 62 343 1072 687">
     <span class='ocr_line' id='line_1_2' title="bbox 64 343 1071 422; baseline -0.002 -18"><span class='ocrx_word' id='word_1_5' title='bbox 64 343 144 420; x_wconf 89' lang='lat' dir='ltr'>quod</span> <span class='ocrx_word' id='word_1_6' title='bbox 166 345 328 419; x_wconf 85' lang='lat' dir='ltr'>stupemus,</span> <span class='ocrx_word' id='word_1_7' title='bbox 351 344 467 402; x_wconf 90' lang='lat' dir='ltr'>animus</span> <span class='ocrx_word' id='word_1_8' title='bbox 491 361 578 402; x_wconf 87' lang='lat' dir='ltr'>ausus</span> <span class='ocrx_word' id='word_1_9' title='bbox 601 343 760 422; x_wconf 79' lang='lat' dir='ltr'>diligenter</span> <span class='ocrx_word' id='word_1_10' title='bbox 782 343 948 419; x_wconf 78' lang='lat' dir='ltr'>adtendere,</span> <span class='ocrx_word' id='word_1_11' title='bbox 971 346 1002 403; x_wconf 92' lang='lat' dir='ltr'>in</span> <span class='ocrx_word' id='word_1_12' title='bbox 1026 363 1071 403; x_wconf 89' lang='lat' dir='ltr'>ar·</span> 
     </span>
     <span class='ocr_line' id='line_1_3' title="bbox 63 432 1071 510; baseline 0.002 -18"><span class='ocrx_word' id='word_1_13' title='bbox 63 451 139 492; x_wconf 75' lang='lat' dir='ltr'>esna</span> <span class='ocrx_word' id='word_1_14' title='bbox 163 434 288 492; x_wconf 88' lang='lat' dir='ltr'>naturae</span> <span class='ocrx_word' id='word_1_15' title='bbox 311 451 428 491; x_wconf 89' lang='lat' dir='ltr'>saerum</span> <span class='ocrx_word' id='word_1_16' title='bbox 450 432 532 490; x_wconf 80' lang='lat' dir='ltr'><strong>misit</strong></span> <span class='ocrx_word' id='word_1_17' title='bbox 553 433 719 510; x_wconf 90' lang='lat' dir='ltr'>ingenium,</span> <span class='ocrx_word' id='word_1_18' title='bbox 747 436 777 492; x_wconf 90' lang='lat' dir='ltr'>et</span> <span class='ocrx_word' id='word_1_19' title='bbox 804 453 838 492; x_wconf 91' lang='lat' dir='ltr'>ex</span> <span class='ocrx_word' id='word_1_20' title='bbox 862 433 993 493; x_wconf 82' lang='lat' dir='ltr'>adsiduis</span> <span class='ocrx_word' id='word_1_21' title='bbox 1021 435 1071 494; x_wconf 94' lang='lat' dir='ltr'>ob·</span> 
     </span>
     <span class='ocr_line' id='line_1_4' title="bbox 62 520 1069 596; baseline 0 -16"><span class='ocrx_word' id='word_1_22' title='bbox 62 522 280 581; x_wconf 67' lang='lat' dir='ltr'>narrationibus</span> <span class='ocrx_word' id='word_1_23' title='bbox 307 523 444 596; x_wconf 89' lang='lat' dir='ltr'>notisque</span> <span class='ocrx_word' id='word_1_24' title='bbox 471 520 661 580; x_wconf 75' lang='lat' dir='ltr'>redeuntibus</span> <span class='ocrx_word' id='word_1_25' title='bbox 688 523 847 581; x_wconf 88' lang='lat' dir='ltr'>latentium</span> <span class='ocrx_word' id='word_1_26' title='bbox 868 523 984 582; x_wconf 88' lang='lat' dir='ltr'>ratione</span> <span class='ocrx_word' id='word_1_27' title='bbox 1012 523 1069 581; x_wconf 90' lang='lat' dir='ltr'>ool-</span> 
     </span>
     <span class='ocr_line' id='line_1_5' title="bbox 62 610 1072 687; baseline 0.001 -17"><span class='ocrx_word' id='word_1_28' title='bbox 62 610 141 670; x_wconf 85' lang='lat' dir='ltr'>lsota</span> <span class='ocrx_word' id='word_1_29' title='bbox 166 611 304 686; x_wconf 84' lang='lat' dir='ltr'>pervenit</span> <span class='ocrx_word' id='word_1_30' title='bbox 330 610 369 668; x_wconf 86' lang='lat' dir='ltr'>ad</span> <span class='ocrx_word' id='word_1_31' title='bbox 401 627 512 668; x_wconf 85' lang='lat' dir='ltr'>causas.</span> <span class='ocrx_word' id='word_1_32' title='bbox 557 611 675 669; x_wconf 88' lang='lat' dir='ltr'>miraris</span> <span class='ocrx_word' id='word_1_33' title='bbox 702 611 799 670; x_wconf 84' lang='lat' dir='ltr'>fatum</span> <span class='ocrx_word' id='word_1_34' title='bbox 829 611 956 670; x_wconf 89' lang='lat' dir='ltr'>hominis</span> <span class='ocrx_word' id='word_1_35' title='bbox 985 630 1072 687; x_wconf 90' lang='lat' dir='ltr'>posse</span> 
     </span>
    </p>

    <p class='ocr_par' dir='ltr' id='par_1_3' title="bbox 34 698 1072 1130">
     <span class='ocr_line' id='line_1_6' title="bbox 34 698 1071 776; baseline 0 -18"><span class='ocrx_word' id='word_1_36' title='bbox 34 699 202 776; x_wconf 67' lang='lat' dir='ltr'>apraedioi.</span> <span class='ocrx_word' id='word_1_37' title='bbox 249 698 426 759; x_wconf 77' lang='lat' dir='ltr'>defectiones</span> <span class='ocrx_word' id='word_1_38' title='bbox 449 699 578 758; x_wconf 89' lang='lat' dir='ltr'>siderum</span> <span class='ocrx_word' id='word_1_39' title='bbox 605 699 779 774; x_wconf 80' lang='lat' dir='ltr'>laboresque</span> <span class='ocrx_word' id='word_1_40' title='bbox 802 701 969 768; x_wconf 88' lang='lat' dir='ltr'>narrantur,</span> <span class='ocrx_word' id='word_1_41' title='bbox 998 720 1071 758; x_wconf 90' lang='lat' dir='ltr'>nun-</span> 
     </span>
     <span class='ocr_line' id='line_1_7' title="bbox 62 787 1070 866; baseline 0.001 -19"><span class='ocrx_word' id='word_1_42' title='bbox 62 789 179 847; x_wconf 82' lang='lat' dir='ltr'>tiantur</span> <span class='ocrx_word' id='word_1_43' title='bbox 196 789 280 866; x_wconf 87' lang='lat' dir='ltr'>origo</span> <span class='ocrx_word' id='word_1_44' title='bbox 298 790 517 863; x_wconf 71' lang='lat' dir='ltr'>tempestatum,</span> <span class='ocrx_word' id='word_1_45' title='bbox 540 787 684 847; x_wconf 86' lang='lat' dir='ltr'>lassitudo</span> <span class='ocrx_word' id='word_1_46' title='bbox 703 791 868 862; x_wconf 87' lang='lat' dir='ltr'>ventorum,</span> <span class='ocrx_word' id='word_1_47' title='bbox 892 788 971 863; x_wconf 93' lang='lat' dir='ltr'>quod</span> <span class='ocrx_word' id='word_1_48' title='bbox 990 789 1070 848; x_wconf 91' lang='lat' dir='ltr'>sidus</span> 
     </span>
     <span class='ocr_line' id='line_1_8' title="bbox 61 876 1072 952; baseline -0.001 -16"><span class='ocrx_word' id='word_1_49' title='bbox 61 877 236 937; x_wconf 87' lang='lat' dir='ltr'>imm0dioos</span> <span class='ocrx_word' id='word_1_50' title='bbox 268 877 339 936; x_wconf 87' lang='lat' dir='ltr'>solis</span> <span class='ocrx_word' id='word_1_51' title='bbox 371 877 503 950; x_wconf 87' lang='lat' dir='ltr'>ardores,</span> <span class='ocrx_word' id='word_1_52' title='bbox 536 876 615 951; x_wconf 90' lang='lat' dir='ltr'>quod</span> <span class='ocrx_word' id='word_1_53' title='bbox 646 896 762 936; x_wconf 87' lang='lat' dir='ltr'>severas</span> <span class='ocrx_word' id='word_1_54' title='bbox 793 878 923 936; x_wconf 89' lang='lat' dir='ltr'>minetur</span> <span class='ocrx_word' id='word_1_55' title='bbox 953 878 1072 952; x_wconf 89' lang='lat' dir='ltr'>hiemes,</span> 
     </span>
     <span class='ocr_line' id='line_1_9' title="bbox 63 965 1071 1043; baseline 0.002 -19"><span class='ocrx_word' id='word_1_56' title='bbox 63 965 136 1042; x_wconf 89' lang='lat' dir='ltr'>qnid</span> <span class='ocrx_word' id='word_1_57' title='bbox 158 965 326 1043; x_wconf 82' lang='lat' dir='ltr'>significent</span> <span class='ocrx_word' id='word_1_58' title='bbox 344 969 439 1041; x_wconf 87' lang='lat' dir='ltr'>sparsi</span> <span class='ocrx_word' id='word_1_59' title='bbox 461 965 579 1043; x_wconf 84' lang='lat' dir='ltr'>longius</span> <span class='ocrx_word' id='word_1_60' title='bbox 598 967 700 1040; x_wconf 79' lang='lat' dir='ltr'>crines,</span> <span class='ocrx_word' id='word_1_61' title='bbox 723 967 795 1041; x_wconf 92' lang='lat' dir='ltr'>quid</span> <span class='ocrx_word' id='word_1_62' title='bbox 814 966 965 1025; x_wconf 88' lang='lat' dir='ltr'>ardentius</span> <span class='ocrx_word' id='word_1_63' title='bbox 984 967 1071 1026; x_wconf 90' lang='lat' dir='ltr'>solite</span> 
     </span>
     <span class='ocr_line' id='line_1_10' title="bbox 60 1054 1072 1130; baseline -0.001 -17"><span class='ocrx_word' id='word_1_64' title='bbox 60 1054 158 1130; x_wconf 85' lang='lat' dir='ltr'>iubar,</span> <span class='ocrx_word' id='word_1_65' title='bbox 187 1055 258 1130; x_wconf 91' lang='lat' dir='ltr'>qnid</span> <span class='ocrx_word' id='word_1_66' title='bbox 281 1065 401 1114; x_wconf 82' lang='lat' dir='ltr'>excussa</span> <span class='ocrx_word' id='word_1_67' title='bbox 428 1054 547 1112; x_wconf 85' lang='lat' dir='ltr'>flamme</span> <span class='ocrx_word' id='word_1_68' title='bbox 576 1054 727 1113; x_wconf 86' lang='lat' dir='ltr'>sideribus.</span> <span class='ocrx_word' id='word_1_69' title='bbox 772 1074 832 1113; x_wconf 92' lang='lat' dir='ltr'>non</span> <span class='ocrx_word' id='word_1_70' title='bbox 858 1057 977 1115; x_wconf 84' lang='lat' dir='ltr'>invenio</span> <span class='ocrx_word' id='word_1_71' title='bbox 1001 1055 1072 1130; x_wconf 92' lang='lat' dir='ltr'>quid</span> 
     </span>
    </p>

    <p class='ocr_par' dir='ltr' id='par_1_4' title="bbox 20 1142 1072 1307">
     <span class='ocr_line' id='line_1_11' title="bbox 20 1142 1072 1220; baseline -0.006 -12"><span class='ocrx_word' id='word_1_72' title='bbox 20 1168 48 1208; x_wconf 83' lang='grc' dir='ltr'>ιι</span> <span class='ocrx_word' id='word_1_73' title='bbox 63 1161 126 1203; x_wconf 83' lang='lat' dir='ltr'>esse</span> <span class='ocrx_word' id='word_1_74' title='bbox 148 1145 244 1219; x_wconf 90' lang='lat' dir='ltr'>possit</span> <span class='ocrx_word' id='word_1_75' title='bbox 266 1146 374 1203; x_wconf 81' lang='lat' dir='ltr'>oertius</span> <span class='ocrx_word' id='word_1_76' title='bbox 396 1163 484 1203; x_wconf 83' lang='lat' dir='ltr'>verae</span> <span class='ocrx_word' id='word_1_77' title='bbox 507 1142 579 1201; x_wconf 87' lang='lat' dir='ltr'>artis</span> <span class='ocrx_word' id='word_1_78' title='bbox 602 1143 754 1220; x_wconf 82' lang='lat' dir='ltr'>ingenium</span> <span class='ocrx_word' id='word_1_79' title='bbox 773 1163 862 1219; x_wconf 86' lang='lat' dir='ltr'>quam</span> <span class='ocrx_word' id='word_1_80' title='bbox 885 1144 981 1203; x_wconf 89' lang='lat' dir='ltr'>dieere</span> <span class='ocrx_word' id='word_1_81' title='bbox 1001 1145 1072 1219; x_wconf 93' lang='lat' dir='ltr'>quid</span> 
     </span>
     <span class='ocr_line' id='line_1_12' title="bbox 61 1230 723 1307; baseline -0.005 -15"><span class='ocrx_word' id='word_1_82' title='bbox 61 1233 198 1292; x_wconf 85' lang='lat' dir='ltr'>fntmum</span> <span class='ocrx_word' id='word_1_83' title='bbox 221 1234 269 1307; x_wconf 89' lang='lat' dir='ltr'>sit,</span> <span class='ocrx_word' id='word_1_84' title='bbox 290 1232 355 1291; x_wconf 90' lang='lat' dir='ltr'>fieri</span> <span class='ocrx_word' id='word_1_85' title='bbox 377 1233 482 1291; x_wconf 93' lang='lat' dir='ltr'>deinde</span> <span class='ocrx_word' id='word_1_86' title='bbox 507 1230 586 1307; x_wconf 90' lang='lat' dir='ltr'>quod</span> <span class='ocrx_word' id='word_1_87' title='bbox 609 1232 723 1291; x_wconf 68' lang='lat' dir='ltr'>dixerst.</span> 
     </span>
    </p>

    <p class='ocr_par' dir='ltr' id='par_1_5' title="bbox 60 1320 1072 1574">
     <span class='ocr_line' id='line_1_13' title="bbox 129 1320 1072 1397; baseline 0 -17"><span class='ocrx_word' id='word_1_88' title='bbox 129 1320 215 1390; x_wconf 85' lang='lat' dir='ltr'>Quod</span> <span class='ocrx_word' id='word_1_89' title='bbox 246 1323 271 1380; x_wconf 92' lang='lat' dir='ltr'>si</span> <span class='ocrx_word' id='word_1_90' title='bbox 304 1339 365 1381; x_wconf 88' lang='lat' dir='ltr'>esse</span> <span class='ocrx_word' id='word_1_91' title='bbox 397 1323 492 1380; x_wconf 88' lang='lat' dir='ltr'>artem</span> <span class='ocrx_word' id='word_1_92' title='bbox 523 1321 765 1380; x_wconf 82' lang='lat' dir='ltr'>mathematicam</span> <span class='ocrx_word' id='word_1_93' title='bbox 795 1321 924 1397; x_wconf 88' lang='lat' dir='ltr'>probant</span> <span class='ocrx_word' id='word_1_94' title='bbox 954 1324 1072 1396; x_wconf 89' lang='lat' dir='ltr'>natura,</span> 
     </span>
     <span class='ocr_line' id='line_1_14' title="bbox 60 1410 1072 1486; baseline 0 -18"><span class='ocrx_word' id='word_1_95' title='bbox 60 1411 150 1486; x_wconf 86' lang='lat' dir='ltr'>ratio,</span> <span class='ocrx_word' id='word_1_96' title='bbox 169 1412 377 1486; x_wconf 85' lang='lat' dir='ltr'>experimenta,</span> <span class='ocrx_word' id='word_1_97' title='bbox 400 1413 486 1486; x_wconf 89' lang='lat' dir='ltr'>pater</span> <span class='ocrx_word' id='word_1_98' title='bbox 505 1428 621 1485; x_wconf 87' lang='lat' dir='ltr'>quoque</span> <span class='ocrx_word' id='word_1_99' title='bbox 641 1411 693 1485; x_wconf 92' lang='lat' dir='ltr'>qui</span> <span class='ocrx_word' id='word_1_100' title='bbox 711 1410 836 1469; x_wconf 87' lang='lat' dir='ltr'>eredidit</span> <span class='ocrx_word' id='word_1_101' title='bbox 853 1411 1072 1485; x_wconf 84' lang='lat' dir='ltr'>consulendum,</span> 
     </span>
     <span class='ocr_line' id='line_1_15' title="bbox 61 1498 1071 1574; baseline 0 -16"><span class='ocrx_word' id='word_1_102' title='bbox 61 1501 205 1574; x_wconf 84' lang='lat' dir='ltr'>superest,</span> <span class='ocrx_word' id='word_1_103' title='bbox 227 1501 262 1557; x_wconf 90' lang='lat' dir='ltr'>ut</span> <span class='ocrx_word' id='word_1_104' title='bbox 284 1499 473 1558; x_wconf 85' lang='lat' dir='ltr'>ostendemus</span> <span class='ocrx_word' id='word_1_105' title='bbox 492 1518 596 1557; x_wconf 86' lang='lat' dir='ltr'>verum</span> <span class='ocrx_word' id='word_1_106' title='bbox 618 1498 725 1558; x_wconf 87' lang='lat' dir='ltr'>dixisse</span> <span class='ocrx_word' id='word_1_107' title='bbox 744 1499 779 1557; x_wconf 89' lang='lat' dir='ltr'>de</span> <span class='ocrx_word' id='word_1_108' title='bbox 802 1499 911 1558; x_wconf 87' lang='lat' dir='ltr'>futuris</span> <span class='ocrx_word' id='word_1_109' title='bbox 930 1499 1071 1574; x_wconf 86' lang='lat' dir='ltr'>quamde</span> 
     </span>
    </p>

    <p class='ocr_par' dir='ltr' id='par_1_6' title="bbox 20 1588 1125 2019">
     <span class='ocr_line' id='line_1_16' title="bbox 20 1588 1125 1664; baseline -0.009 -12"><span class='ocrx_word' id='word_1_110' title='bbox 20 1610 47 1652; x_wconf 81' lang='lat' dir='ltr'>rs</span> <span class='ocrx_word' id='word_1_111' title='bbox 59 1588 232 1664; x_wconf 84' lang='lat' dir='ltr'>praeteritis</span> <span class='ocrx_word' id='word_1_112' title='bbox 252 1606 312 1647; x_wconf 91' lang='lat' dir='ltr'>non</span> <span class='ocrx_word' id='word_1_113' title='bbox 334 1606 490 1663; x_wconf 89' lang='lat' dir='ltr'>possumus</span> <span class='ocrx_word' id='word_1_114' title='bbox 513 1588 639 1663; x_wconf 88' lang='lat' dir='ltr'>probare</span> <span class='ocrx_word' id='word_1_115' title='bbox 661 1590 828 1647; x_wconf 90' lang='lat' dir='ltr'>mentitum.</span> <span class='ocrx_word' id='word_1_116' title='bbox 866 1590 989 1663; x_wconf 85' lang='lat' dir='ltr'>accipite</span> <span class='ocrx_word' id='word_1_117' title='bbox 1012 1588 1125 1663; x_wconf 80' lang='lat' dir='ltr'>pri-15</span> 
     </span>
     <span class='ocr_line' id='line_1_17' title="bbox 61 1676 1071 1752; baseline -0.002 -16"><span class='ocrx_word' id='word_1_118' title='bbox 61 1696 143 1736; x_wconf 87' lang='lat' dir='ltr'>mam</span> <span class='ocrx_word' id='word_1_119' title='bbox 157 1677 338 1736; x_wconf 79' lang='lat' dir='ltr'>santissimae</span> <span class='ocrx_word' id='word_1_120' title='bbox 352 1678 494 1737; x_wconf 85' lang='lat' dir='ltr'>scientiae</span> <span class='ocrx_word' id='word_1_121' title='bbox 512 1676 726 1752; x_wconf 85' lang='lat' dir='ltr'>probationem.</span> <span class='ocrx_word' id='word_1_122' title='bbox 758 1678 846 1736; x_wconf 93' lang='lat' dir='ltr'>homo</span> <span class='ocrx_word' id='word_1_123' title='bbox 861 1678 963 1752; x_wconf 90' lang='lat' dir='ltr'>quide</span> <span class='ocrx_word' id='word_1_124' title='bbox 982 1680 1071 1752; x_wconf 88' lang='lat' dir='ltr'>partu</span> 
     </span>
     <span class='ocr_line' id='line_1_18' title="bbox 60 1765 1072 1842; baseline -0.002 -17"><span class='ocrx_word' id='word_1_125' title='bbox 60 1765 278 1840; x_wconf 75' lang='lat' dir='ltr'>consulebatur,</span> <span class='ocrx_word' id='word_1_126' title='bbox 300 1785 360 1824; x_wconf 92' lang='lat' dir='ltr'>non</span> <span class='ocrx_word' id='word_1_127' title='bbox 379 1766 513 1825; x_wconf 80' lang='lat' dir='ltr'>confudit</span> <span class='ocrx_word' id='word_1_128' title='bbox 530 1765 721 1841; x_wconf 83' lang='lat' dir='ltr'>turbavitque</span> <span class='ocrx_word' id='word_1_129' title='bbox 738 1784 920 1841; x_wconf 91' lang='lat' dir='ltr'>responsum,</span> <span class='ocrx_word' id='word_1_130' title='bbox 944 1785 997 1825; x_wconf 89' lang='lat' dir='ltr'>nee</span> <span class='ocrx_word' id='word_1_131' title='bbox 1019 1785 1072 1842; x_wconf 88' lang='lat' dir='ltr'>per</span> 
     </span>
     <span class='ocr_line' id='line_1_19' title="bbox 60 1854 1072 1932; baseline -0.002 -18"><span class='ocrx_word' id='word_1_132' title='bbox 60 1856 161 1914; x_wconf 84' lang='lat' dir='ltr'>varias</span> <span class='ocrx_word' id='word_1_133' title='bbox 189 1855 328 1932; x_wconf 82' lang='lat' dir='ltr'>ambages</span> <span class='ocrx_word' id='word_1_134' title='bbox 356 1854 653 1930; x_wconf 86' lang='lat' dir='ltr'>indeprehensibilem</span> <span class='ocrx_word' id='word_1_135' title='bbox 684 1855 795 1931; x_wconf 87' lang='lat' dir='ltr'>sparsit</span> <span class='ocrx_word' id='word_1_136' title='bbox 824 1874 964 1929; x_wconf 89' lang='lat' dir='ltr'>errorem,</span> <span class='ocrx_word' id='word_1_137' title='bbox 997 1855 1072 1913; x_wconf 88' lang='lat' dir='ltr'>nihil</span> 
     </span>
     <span class='ocr_line' id='line_1_20' title="bbox 59 1943 1073 2019; baseline 0.001 -18"><span class='ocrx_word' id='word_1_138' title='bbox 59 1945 108 2002; x_wconf 87' lang='lat' dir='ltr'>ita</span> <span class='ocrx_word' id='word_1_139' title='bbox 128 1943 244 2003; x_wconf 86' lang='lat' dir='ltr'>loeutus</span> <span class='ocrx_word' id='word_1_140' title='bbox 267 1946 326 2019; x_wconf 89' lang='lat' dir='ltr'>est,</span> <span class='ocrx_word' id='word_1_141' title='bbox 349 1943 481 2002; x_wconf 91' lang='lat' dir='ltr'>utillud</span> <span class='ocrx_word' id='word_1_142' title='bbox 503 1943 689 2002; x_wconf 87' lang='lat' dir='ltr'>audientium</span> <span class='ocrx_word' id='word_1_143' title='bbox 711 1944 917 2019; x_wconf 73' lang='lat' dir='ltr'>interpretatio</span> <span class='ocrx_word' id='word_1_144' title='bbox 940 1945 1073 2003; x_wconf 89' lang='lat' dir='ltr'>traheret</span> 
     </span>
    </p>

    <p class='ocr_par' dir='ltr' id='par_1_7' title="bbox 19 2032 1073 2375">
     <span class='ocr_line' id='line_1_21' title="bbox 19 2032 1072 2110; baseline -0.003 -16"><span class='ocrx_word' id='word_1_145' title='bbox 19 2055 49 2095; x_wconf 81' lang='lat' dir='ltr'>ao</span> <span class='ocrx_word' id='word_1_146' title='bbox 62 2032 263 2110; x_wconf 71' lang='lat' dir='ltr'>diligeretque</span> <span class='ocrx_word' id='word_1_147' title='bbox 286 2051 344 2108; x_wconf 90' lang='lat' dir='ltr'>quo</span> <span class='ocrx_word' id='word_1_148' title='bbox 367 2033 479 2092; x_wconf 88' lang='lat' dir='ltr'>mallet.</span> <span class='ocrx_word' id='word_1_149' title='bbox 521 2035 627 2108; x_wconf 88' lang='lat' dir='ltr'>atquin</span> <span class='ocrx_word' id='word_1_150' title='bbox 649 2034 681 2090; x_wconf 91' lang='lat' dir='ltr'>in</span> <span class='ocrx_word' id='word_1_151' title='bbox 704 2052 738 2092; x_wconf 92' lang='lat' dir='ltr'>eo</span> <span class='ocrx_word' id='word_1_152' title='bbox 761 2035 827 2091; x_wconf 89' lang='lat' dir='ltr'>tota</span> <span class='ocrx_word' id='word_1_153' title='bbox 849 2035 927 2092; x_wconf 88' lang='lat' dir='ltr'>ratio</span> <span class='ocrx_word' id='word_1_154' title='bbox 949 2033 1072 2091; x_wconf 78' lang='lat' dir='ltr'>fallendi</span> 
     </span>
     <span class='ocr_line' id='line_1_22' title="bbox 62 2118 1072 2198; baseline -0.002 -17"><span class='ocrx_word' id='word_1_155' title='bbox 62 2123 121 2195; x_wconf 87' lang='lat' dir='ltr'>est,</span> <span class='ocrx_word' id='word_1_156' title='bbox 148 2138 208 2180; x_wconf 92' lang='lat' dir='ltr'>non</span> <span class='ocrx_word' id='word_1_157' title='bbox 231 2121 301 2180; x_wconf 86' lang='lat' dir='ltr'>dare</span> <span class='ocrx_word' id='word_1_158' title='bbox 325 2118 544 2181; x_wconf 86' lang='lat' dir='ltr'>oonsolentibus</span> <span class='ocrx_word' id='word_1_159' title='bbox 568 2121 647 2196; x_wconf 93' lang='lat' dir='ltr'>quod</span> <span class='ocrx_word' id='word_1_160' title='bbox 669 2122 845 2197; x_wconf 82' lang='lat' dir='ltr'>deposcant,</span> <span class='ocrx_word' id='word_1_161' title='bbox 870 2122 922 2181; x_wconf 91' lang='lat' dir='ltr'>sed</span> <span class='ocrx_word' id='word_1_162' title='bbox 945 2122 1072 2198; x_wconf 84' lang='lat' dir='ltr'>ealigine</span> 
     </span>
     <span class='ocr_line' id='line_1_23' title="bbox 59 2210 1073 2288; baseline 0.001 -20"><span class='ocrx_word' id='word_1_163' title='bbox 59 2227 229 2288; x_wconf 84' lang='lat' dir='ltr'>magnaque</span> <span class='ocrx_word' id='word_1_164' title='bbox 256 2211 468 2285; x_wconf 88' lang='lat' dir='ltr'>promissorum</span> <span class='ocrx_word' id='word_1_165' title='bbox 496 2210 629 2270; x_wconf 85' lang='lat' dir='ltr'>vanitate</span> <span class='ocrx_word' id='word_1_166' title='bbox 659 2229 814 2286; x_wconf 88' lang='lat' dir='ltr'>suspensos</span> <span class='ocrx_word' id='word_1_167' title='bbox 842 2212 885 2269; x_wconf 87' lang='lat' dir='ltr'>sio</span> <span class='ocrx_word' id='word_1_168' title='bbox 914 2211 1073 2284; x_wconf 86' lang='lat' dir='ltr'>dimittere,</span> 
     </span>
     <span class='ocr_line' id='line_1_24' title="bbox 60 2298 1073 2375; baseline -0.001 -17"><span class='ocrx_word' id='word_1_169' title='bbox 60 2301 96 2359; x_wconf 89' lang='lat' dir='ltr'>ut</span> <span class='ocrx_word' id='word_1_170' title='bbox 120 2298 262 2374; x_wconf 88' lang='lat' dir='ltr'>quioquid</span> <span class='ocrx_word' id='word_1_171' title='bbox 284 2317 370 2359; x_wconf 82' lang='lat' dir='ltr'>ossus</span> <span class='ocrx_word' id='word_1_172' title='bbox 398 2299 547 2374; x_wconf 89' lang='lat' dir='ltr'>attulerit,</span> <span class='ocrx_word' id='word_1_173' title='bbox 575 2301 683 2374; x_wconf 87' lang='lat' dir='ltr'>putent</span> <span class='ocrx_word' id='word_1_174' title='bbox 706 2318 767 2359; x_wconf 87' lang='lat' dir='ltr'>esse</span> <span class='ocrx_word' id='word_1_175' title='bbox 794 2301 987 2375; x_wconf 85' lang='lat' dir='ltr'>praedictum</span> <span class='ocrx_word' id='word_1_176' title='bbox 1035 2319 1073 2358; x_wconf 89' lang='lat' dir='ltr'>an</span> 
     </span>
    </p>
   </div>
   <div class='ocr_carea' id='block_1_3' title="bbox 60 2449 1072 2685">
    <p class='ocr_par' dir='ltr' id='par_1_8' title="bbox 60 2449 1072 2660">
     <span class='ocr_line' id='line_1_25' title="bbox 60 2449 1072 2520; baseline -0.002 -16"><span class='ocrx_word' id='word_1_177' title='bbox 60 2449 212 2505; x_wconf 84' lang='lat' dir='ltr'>latentium</span> <span class='ocrx_word' id='word_1_178' title='bbox 234 2450 343 2505; x_wconf 85' lang='lat' dir='ltr'>ratione</span> <span class='ocrx_word' id='word_1_179' title='bbox 366 2450 485 2505; x_wconf 82' lang='lat' dir='ltr'>collecta</span> <span class='ocrx_word' id='word_1_180' title='bbox 507 2449 635 2519; x_wconf 87' lang='lat' dir='ltr'>pervenit</span> <span class='ocrx_word' id='word_1_181' title='bbox 654 2450 690 2504; x_wconf 89' lang='lat' dir='ltr'>ad</span> <span class='ocrx_word' id='word_1_182' title='bbox 709 2467 821 2516; x_wconf 86' lang='lat' dir='ltr'>causas,</span> <span class='ocrx_word' id='word_1_183' title='bbox 840 2453 874 2504; x_wconf 92' lang='lat' dir='ltr'>ut</span> <span class='ocrx_word' id='word_1_184' title='bbox 891 2449 1072 2520; x_wconf 85' lang='lat' dir='ltr'>profanarum</span> 
     </span>
     <span class='ocr_line' id='line_1_26' title="bbox 60 2520 1072 2605; baseline 0 -30"><span class='ocrx_word' id='word_1_185' title='bbox 60 2520 231 2605; x_wconf 81' lang='lat' dir='ltr'>religionum</span> <span class='ocrx_word' id='word_1_186' title='bbox 248 2521 407 2576; x_wconf 84' lang='lat' dir='ltr'>miseranda</span> <span class='ocrx_word' id='word_1_187' title='bbox 426 2523 583 2576; x_wconf 84' lang='lat' dir='ltr'>commenta</span> <span class='ocrx_word' id='word_1_188' title='bbox 601 2521 755 2574; x_wconf 87' lang='lat' dir='ltr'>humanum</span> <span class='ocrx_word' id='word_1_189' title='bbox 773 2537 860 2591; x_wconf 83' lang='lat' dir='ltr'>genus</span> <span class='ocrx_word' id='word_1_190' title='bbox 879 2522 1002 2591; x_wconf 87' lang='lat' dir='ltr'>primum</span> <span class='ocrx_word' id='word_1_191' title='bbox 1016 2522 1072 2575; x_wconf 89' lang='lat' dir='ltr'>dis-</span> 
     </span>
     <span class='ocr_line' id='line_1_27' title="bbox 60 2591 752 2685; baseline -0.003 -38"><span class='ocrx_word' id='word_1_192' title='bbox 60 2594 145 2660; x_wconf 82' lang='lat' dir='ltr'>ceret,</span> <span class='ocrx_word' id='word_1_193' title='bbox 165 2591 267 2685; x_wconf 84' lang='lat' dir='ltr'>deinde</span> <span class='ocrx_word' id='word_1_194' title='bbox 285 2594 482 2659; x_wconf 81' lang='lat' dir='ltr'>contemneret,</span> <span class='ocrx_word' id='word_1_195' title='bbox 501 2592 586 2647; x_wconf 87' lang='lat' dir='ltr'>tertio</span> <span class='ocrx_word' id='word_1_196' title='bbox 604 2594 752 2646; x_wconf 85' lang='lat' dir='ltr'>recusaret</span> 
     </span>
    </p>
   </div>
   <div class='ocr_carea' id='block_1_4' title="bbox 61 2710 1074 2879">
    <p class='ocr_par' dir='ltr' id='par_1_9' title="bbox 61 2710 1074 2879">
     <span class='ocr_line' id='line_1_28' title="bbox 134 2710 1074 2802; baseline -0.001 -14"><span class='ocrx_word' id='word_1_197' title='bbox 134 2741 148 2788; x_wconf 88' lang='lat'>1</span> <span class='ocrx_word' id='word_1_198' title='bbox 168 2735 325 2800; x_wconf 74' lang='lat' dir='ltr'>archanas</span> <span class='ocrx_word' id='word_1_199' title='bbox 374 2741 389 2789; x_wconf 99' lang='grc'><strong>2</strong></span> <span class='ocrx_word' id='word_1_200' title='bbox 409 2752 519 2790; x_wconf 84' lang='lat' dir='ltr'>sacrum</span> <span class='ocrx_word' id='word_1_201' title='bbox 534 2749 559 2799; x_wconf 77' lang='grc' dir='ltr'>βε</span> <span class='ocrx_word' id='word_1_202' title='bbox 580 2751 658 2789; x_wconf 86' lang='lat' dir='ltr'>sacro</span> <span class='ocrx_word' id='word_1_203' title='bbox 671 2744 750 2801; x_wconf 64' lang='grc' dir='ltr'><strong>Βνιις</strong></span> <span class='ocrx_word' id='word_1_204' title='bbox 770 2710 850 2788; x_wconf 83' lang='lat' dir='ltr'>sacra</span> <span class='ocrx_word' id='word_1_205' title='bbox 863 2744 895 2787; x_wconf 77' lang='grc' dir='ltr'><em>Μ</em></span> <span class='ocrx_word' id='word_1_206' title='bbox 929 2734 1074 2802; x_wconf 86' lang='lat' dir='ltr'>ingenium</span> 
     </span>
     <span class='ocr_line' id='line_1_29' title="bbox 61 2805 1073 2879; baseline -0.001 -19"><span class='ocrx_word' id='word_1_207' title='bbox 61 2819 90 2871; x_wconf 76' lang='grc' dir='ltr'>ιιι</span> <span class='ocrx_word' id='word_1_208' title='bbox 104 2805 220 2877; x_wconf 82' lang='lat' dir='ltr'>ingenio</span> <span class='ocrx_word' id='word_1_209' title='bbox 233 2815 312 2874; x_wconf 72' lang='grc' dir='ltr'><strong>Βνιις</strong></span> <span class='ocrx_word' id='word_1_210' title='bbox 331 2806 446 2877; x_wconf 80' lang='lat' dir='ltr'>ingenia</span> <span class='ocrx_word' id='word_1_211' title='bbox 463 2815 496 2860; x_wconf 76' lang='grc' dir='ltr'><em>Μ</em></span> <span class='ocrx_word' id='word_1_212' title='bbox 547 2805 620 2879; x_wconf 84' lang='lat' dir='ltr'>&lt;se&gt;</span> <span class='ocrx_word' id='word_1_213' title='bbox 636 2823 713 2860; x_wconf 84' lang='lat' dir='ltr'>sacro</span> <span class='ocrx_word' id='word_1_214' title='bbox 727 2806 805 2859; x_wconf 86' lang='lat' dir='ltr'>misit</span> <span class='ocrx_word' id='word_1_215' title='bbox 818 2805 932 2875; x_wconf 87' lang='lat' dir='ltr'>ingenio</span> <span class='ocrx_word' id='word_1_216' title='bbox 946 2805 984 2859; x_wconf 92' lang='grc' dir='ltr'>Η.</span> <span class='ocrx_word' id='word_1_217' title='bbox 996 2823 1026 2874; x_wconf 84' lang='lat' dir='ltr'>p.</span> <span class='ocrx_word' id='word_1_218' title='bbox 1037 2810 1073 2859; x_wconf 86' lang='lat'>57</span> 
     </span>
    </p>
   </div>
   <div class='ocr_carea' id='block_1_5' title="bbox 60 2894 1073 3122">
    <p class='ocr_par' dir='ltr' id='par_1_10' title="bbox 60 2894 1073 3122">
     <span class='ocr_line' id='line_1_30' title="bbox 61 2894 1073 2968; baseline 0 -4"><span class='ocrx_word' id='word_1_219' title='bbox 61 2911 220 2967; x_wconf 85' lang='lat' dir='ltr'>4miraris:</span> <span class='ocrx_word' id='word_1_220' title='bbox 239 2912 383 2967; x_wconf 76' lang='lat' dir='ltr'>iazaram</span> <span class='ocrx_word' id='word_1_221' title='bbox 401 2914 548 2968; x_wconf 68' lang='lat' dir='ltr'>innuen</span> <span class='ocrx_word' id='word_1_222' title='bbox 636 2912 817 2966; x_wconf 73' lang='lat' dir='ltr'>enuntiatur</span> <span class='ocrx_word' id='word_1_223' title='bbox 834 2922 885 2965; x_wconf 79' lang='lat' dir='ltr'>Mo</span> <span class='ocrx_word' id='word_1_224' title='bbox 972 2894 1073 2966; x_wconf 70' lang='lat' dir='ltr'>eleli-</span> 
     </span>
     <span class='ocr_line' id='line_1_31' title="bbox 60 2982 1073 3052; baseline 0 -16"><span class='ocrx_word' id='word_1_225' title='bbox 60 2983 131 3036; x_wconf 85' lang='lat' dir='ltr'>tudo</span> <span class='ocrx_word' id='word_1_226' title='bbox 148 2992 177 3037; x_wconf 87' lang='grc' dir='ltr'><strong><em>Β</em></strong></span> <span class='ocrx_word' id='word_1_227' title='bbox 248 2989 391 3038; x_wconf 75' lang='lat' dir='ltr'>&#39;treverus</span> <span class='ocrx_word' id='word_1_228' title='bbox 411 2995 437 3037; x_wconf 82' lang='lat' dir='ltr'>s:</span> <span class='ocrx_word' id='word_1_229' title='bbox 458 3000 569 3038; x_wconf 88' lang='lat' dir='ltr'>serenas</span> <span class='ocrx_word' id='word_1_230' title='bbox 588 3005 610 3035; x_wconf 87' lang='grc' dir='ltr'><strong>ω</strong></span> <span class='ocrx_word' id='word_1_231' title='bbox 683 2982 795 3037; x_wconf 89' lang='lat' dir='ltr'>8soliti</span> <span class='ocrx_word' id='word_1_232' title='bbox 812 2993 851 3052; x_wconf 81' lang='grc' dir='ltr'>Β,</span> <span class='ocrx_word' id='word_1_233' title='bbox 874 3000 943 3038; x_wconf 82' lang='lat' dir='ltr'>corr.</span> <span class='ocrx_word' id='word_1_234' title='bbox 958 2985 990 3037; x_wconf 79' lang='lat' dir='ltr'>iu</span> <span class='ocrx_word' id='word_1_235' title='bbox 1007 2995 1073 3037; x_wconf 79' lang='lat' dir='ltr'>-oo</span> 
     </span>
     <span class='ocr_line' id='line_1_32' title="bbox 62 3052 1072 3122; baseline 0.003 -16"><span class='ocrx_word' id='word_1_236' title='bbox 62 3059 226 3109; x_wconf 69' lang='lat' dir='ltr'>vexoussa:</span> <span class='ocrx_word' id='word_1_237' title='bbox 246 3053 435 3108; x_wconf 76' lang='lat' dir='ltr'>exclusam!</span> <span class='ocrx_word' id='word_1_238' title='bbox 496 3060 529 3108; x_wconf 90' lang='lat'>10</span> <span class='ocrx_word' id='word_1_239' title='bbox 548 3071 583 3108; x_wconf 90' lang='lat' dir='ltr'>ne</span> <span class='ocrx_word' id='word_1_240' title='bbox 602 3064 644 3121; x_wconf 74' lang='lat' dir='ltr'>M,</span> <span class='ocrx_word' id='word_1_241' title='bbox 663 3070 726 3108; x_wconf 90' lang='lat' dir='ltr'>vere</span> <span class='ocrx_word' id='word_1_242' title='bbox 743 3075 775 3107; x_wconf 86' lang='lat' dir='ltr'>m</span> <span class='ocrx_word' id='word_1_243' title='bbox 835 3052 980 3122; x_wconf 87' lang='lat' dir='ltr'>ingenium</span> <span class='ocrx_word' id='word_1_244' title='bbox 1000 3055 1072 3109; x_wconf 74' lang='lat' dir='ltr'>Sela:</span> 
     </span>
    </p>
   </div>
   <div class='ocr_carea' id='block_1_6' title="bbox 61 3128 1078 3374">
    <p class='ocr_par' dir='ltr' id='par_1_11' title="bbox 61 3128 1078 3374">
     <span class='ocr_line' id='line_1_33' title="bbox 61 3128 1006 3230; baseline -0.001 -16"><span class='ocrx_word' id='word_1_245' title='bbox 61 3160 175 3229; x_wconf 75' lang='lat' dir='ltr'>ingenio</span> <span class='ocrx_word' id='word_1_246' title='bbox 193 3182 216 3213; x_wconf 75' lang='lat' dir='ltr'>a</span> <span class='ocrx_word' id='word_1_247' title='bbox 287 3176 384 3230; x_wconf 73' lang='lat' dir='ltr'>quam:</span> <span class='ocrx_word' id='word_1_248' title='bbox 404 3177 459 3228; x_wconf 81' lang='lat' dir='ltr'>quo</span> <span class='ocrx_word' id='word_1_249' title='bbox 477 3171 505 3215; x_wconf 84' lang='lat'>1·</span> <span class='ocrx_word' id='word_1_250' title='bbox 576 3167 607 3214; x_wconf 89' lang='lat'>11</span> <span class='ocrx_word' id='word_1_251' title='bbox 628 3128 665 3214; x_wconf 59' lang='lat' dir='ltr'>nl</span> <span class='ocrx_word' id='word_1_252' title='bbox 687 3170 708 3212; x_wconf 81' lang='grc' dir='ltr'><em>ν</em></span> <span class='ocrx_word' id='word_1_253' title='bbox 775 3161 877 3215; x_wconf 71' lang='lat' dir='ltr'>seinse</span> <span class='ocrx_word' id='word_1_254' title='bbox 895 3161 955 3214; x_wconf 72' lang='lat' dir='ltr'>fies</span> <span class='ocrx_word' id='word_1_255' title='bbox 973 3170 1006 3213; x_wconf 80' lang='lat' dir='ltr'>n</span> 
     </span>
     <span class='ocr_line' id='line_1_34' title="bbox 63 3232 1078 3300; baseline -0.001 -15"><span class='ocrx_word' id='word_1_256' title='bbox 63 3237 96 3284; x_wconf 89' lang='grc'>12</span> <span class='ocrx_word' id='word_1_257' title='bbox 116 3237 131 3285; x_wconf 74' lang='lat' dir='ltr'>t</span> <span class='ocrx_word' id='word_1_258' title='bbox 149 3248 182 3286; x_wconf 77' lang='lat' dir='ltr'>aa</span> <span class='ocrx_word' id='word_1_259' title='bbox 200 3234 235 3286; x_wconf 77' lang='lat' dir='ltr'>is&#39;e</span> <span class='ocrx_word' id='word_1_260' title='bbox 251 3241 281 3286; x_wconf 87' lang='grc' dir='ltr'><strong><em>Β</em></strong></span> <span class='ocrx_word' id='word_1_261' title='bbox 332 3234 434 3286; x_wconf 76' lang='lat' dir='ltr'>natura</span> <span class='ocrx_word' id='word_1_262' title='bbox 452 3249 485 3286; x_wconf 80' lang='lat' dir='ltr'>eor</span> <span class='ocrx_word' id='word_1_263' title='bbox 503 3235 621 3287; x_wconf 85' lang='lat' dir='ltr'>naturae</span> <span class='ocrx_word' id='word_1_264' title='bbox 640 3235 666 3300; x_wconf 86' lang='lat' dir='ltr'>(e</span> <span class='ocrx_word' id='word_1_265' title='bbox 685 3235 731 3300; x_wconf 85' lang='lat' dir='ltr'>er.)</span> <span class='ocrx_word' id='word_1_266' title='bbox 745 3241 774 3284; x_wconf 98' lang='grc' dir='ltr'><strong><em>Β</em></strong></span> <span class='ocrx_word' id='word_1_267' title='bbox 826 3238 859 3285; x_wconf 84' lang='grc'>14</span> <span class='ocrx_word' id='word_1_268' title='bbox 879 3232 1038 3286; x_wconf 86' lang='lat' dir='ltr'>ostedamus</span> <span class='ocrx_word' id='word_1_269' title='bbox 1057 3242 1078 3284; x_wconf 74' lang='lat' dir='ltr'><strong><em>V</em></strong></span> 
     </span>
     <span class='ocr_line' id='line_1_35' title="bbox 63 3302 1074 3374; baseline 0.001 -19"><span class='ocrx_word' id='word_1_270' title='bbox 63 3307 96 3356; x_wconf 79' lang='lat'>15</span> <span class='ocrx_word' id='word_1_271' title='bbox 114 3302 251 3358; x_wconf 87' lang='lat' dir='ltr'>mentium</span> <span class='ocrx_word' id='word_1_272' title='bbox 269 3312 307 3373; x_wconf 76' lang='grc' dir='ltr'>Β,</span> <span class='ocrx_word' id='word_1_273' title='bbox 325 3306 430 3374; x_wconf 76' lang='lat' dir='ltr'>tsupr.</span> <span class='ocrx_word' id='word_1_274' title='bbox 444 3325 476 3357; x_wconf 87' lang='lat' dir='ltr'>m</span> <span class='ocrx_word' id='word_1_275' title='bbox 539 3309 570 3358; x_wconf 75' lang='lat'>17</span> <span class='ocrx_word' id='word_1_276' title='bbox 592 3303 737 3374; x_wconf 54' lang='lat' dir='ltr'>confugdit</span> <span class='ocrx_word' id='word_1_277' title='bbox 757 3306 784 3374; x_wconf 86' lang='lat' dir='ltr'>(n</span> <span class='ocrx_word' id='word_1_278' title='bbox 803 3307 849 3373; x_wconf 84' lang='lat' dir='ltr'>er.)</span> <span class='ocrx_word' id='word_1_279' title='bbox 868 3313 897 3356; x_wconf 98' lang='grc' dir='ltr'><strong><em>Β</em></strong></span> <span class='ocrx_word' id='word_1_280' title='bbox 951 3309 982 3356; x_wconf 87' lang='grc'>19</span> <span class='ocrx_word' id='word_1_281' title='bbox 1002 3303 1074 3356; x_wconf 92' lang='lat' dir='ltr'>illud</span> 
     </span>
    </p>
   </div>
   <div class='ocr_carea' id='block_1_7' title="bbox 60 3378 1074 3607">
    <p class='ocr_par' dir='ltr' id='par_1_12' title="bbox 60 3378 1074 3607">
     <span class='ocr_line' id='line_1_36' title="bbox 62 3378 1024 3480; baseline -0.001 -18"><span class='ocrx_word' id='word_1_282' title='bbox 62 3421 89 3463; x_wconf 80' lang='lat' dir='ltr'>s.</span> <span class='ocrx_word' id='word_1_283' title='bbox 109 3408 191 3464; x_wconf 89' lang='lat' dir='ltr'>illum</span> <span class='ocrx_word' id='word_1_284' title='bbox 209 3430 233 3462; x_wconf 80' lang='grc' dir='ltr'><strong><em>ω</em></strong></span> <span class='ocrx_word' id='word_1_285' title='bbox 288 3408 497 3479; x_wconf 82' lang='lat' dir='ltr'>interpretatio.</span> <span class='ocrx_word' id='word_1_286' title='bbox 517 3413 584 3464; x_wconf 79' lang='lat' dir='ltr'>oia</span> <span class='ocrx_word' id='word_1_287' title='bbox 600 3427 654 3465; x_wconf 83' lang='lat' dir='ltr'>ras.</span> <span class='ocrx_word' id='word_1_288' title='bbox 669 3419 698 3462; x_wconf 96' lang='grc' dir='ltr'><strong><em>Β</em></strong></span> <span class='ocrx_word' id='word_1_289' title='bbox 757 3415 790 3463; x_wconf 87' lang='grc'>20</span> <span class='ocrx_word' id='word_1_290' title='bbox 810 3410 884 3463; x_wconf 67' lang='lat' dir='ltr'>diris</span> <span class='ocrx_word' id='word_1_291' title='bbox 865 3378 1024 3480; x_wconf 73' lang='lat' dir='ltr'>erdques</span> 
     </span>
     <span class='ocr_line' id='line_1_37' title="bbox 60 3480 1074 3552; baseline -0.003 -17"><span class='ocrx_word' id='word_1_292' title='bbox 60 3480 91 3535; x_wconf 85' lang='lat' dir='ltr'>in</span> <span class='ocrx_word' id='word_1_293' title='bbox 113 3496 165 3536; x_wconf 81' lang='lat' dir='ltr'>om</span> <span class='ocrx_word' id='word_1_294' title='bbox 181 3489 214 3534; x_wconf 77' lang='grc' dir='ltr'>Ι</span> <span class='ocrx_word' id='word_1_295' title='bbox 299 3486 333 3535; x_wconf 90' lang='grc'>21</span> <span class='ocrx_word' id='word_1_296' title='bbox 357 3480 507 3552; x_wconf 78' lang='lat' dir='ltr'>caliginem</span> <span class='ocrx_word' id='word_1_297' title='bbox 524 3491 553 3534; x_wconf 98' lang='grc' dir='ltr'><strong><em>Β</em></strong></span> <span class='ocrx_word' id='word_1_298' title='bbox 641 3486 674 3533; x_wconf 92' lang='grc'>22</span> <span class='ocrx_word' id='word_1_299' title='bbox 698 3481 823 3535; x_wconf 86' lang='lat' dir='ltr'>vanitate</span> <span class='ocrx_word' id='word_1_300' title='bbox 842 3503 877 3535; x_wconf 75' lang='lat' dir='ltr'>a:</span> <span class='ocrx_word' id='word_1_301' title='bbox 903 3481 1074 3534; x_wconf 77' lang='lat' dir='ltr'>varietates</span> 
     </span>
     <span class='ocr_line' id='line_1_38' title="bbox 61 3551 551 3607; baseline -0.002 -2"><span class='ocrx_word' id='word_1_302' title='bbox 61 3557 95 3605; x_wconf 82' lang='grc'>23</span> <span class='ocrx_word' id='word_1_303' title='bbox 115 3551 264 3606; x_wconf 85' lang='lat' dir='ltr'>attulerint</span> <span class='ocrx_word' id='word_1_304' title='bbox 284 3562 306 3605; x_wconf 77' lang='lat' dir='ltr'>v</span> <span class='ocrx_word' id='word_1_305' title='bbox 374 3568 434 3606; x_wconf 83' lang='lat' dir='ltr'>esse</span> <span class='ocrx_word' id='word_1_306' title='bbox 452 3569 502 3607; x_wconf 82' lang='lat' dir='ltr'>om.</span> <span class='ocrx_word' id='word_1_307' title='bbox 518 3561 551 3604; x_wconf 82' lang='lat' dir='ltr'><em>M</em></span> 
     </span>
    </p>
   </div>
   <div class='ocr_carea' id='block_1_8' title="bbox 115 3600 1152 3728">
    <p class='ocr_par' dir='ltr' id='par_1_13' title="bbox 115 3600 1152 3728">
     <span class='ocr_line' id='line_1_39' title="bbox 115 3600 1152 3728; baseline 0.004 -36"><span class='ocrx_word' id='word_1_308' title='bbox 115 3650 275 3703; x_wconf 75' lang='lat' dir='ltr'>ernmr</span> <span class='ocrx_word' id='word_1_309' title='bbox 287 3661 490 3694; x_wconf 74' lang='lat' dir='ltr'>unomnrrosns</span> <span class='ocrx_word' id='word_1_310' title='bbox 506 3651 542 3693; x_wconf 92' lang='lat' dir='ltr'>ed</span> <span class='ocrx_word' id='word_1_311' title='bbox 555 3651 692 3695; x_wconf 81' lang='lat' dir='ltr'>Lahnert.</span> <span class='ocrx_word' id='word_1_312' title='bbox 911 3646 930 3694; x_wconf 72' lang='lat' dir='ltr'>b</span> <span class='ocrx_word' id='word_1_313' title='bbox 1090 3600 1152 3728; x_wconf 79' lang='grc' dir='ltr'>Ι</span> 
     </span>
    </p>
   </div>
   <div class='ocr_carea' id='block_1_9' title="bbox 0 0 1226 3952">
    <p class='ocr_par' dir='ltr' id='par_1_14' title="bbox 0 0 1226 3952">
     <span class='ocr_line' id='line_1_40' title="bbox 0 0 1226 3952; baseline 0 0"><span class='ocrx_word' id='word_1_314' title='bbox 0 0 1226 3952; x_wconf 95' lang='lat' dir='ltr'> </span> 
     </span>
    </p>
   </div>
   <div class='ocr_carea' id='block_1_10' title="bbox 72 3906 183 3919">
    <p class='ocr_par' dir='ltr' id='par_1_15' title="bbox 72 3906 183 3919">
     <span class='ocr_line' id='line_1_41' title="bbox 72 3906 183 3919; baseline 0 0"><span class='ocrx_word' id='word_1_315' title='bbox 72 3908 131 3919; x_wconf 70' lang='grc' dir='ltr'>ιιι-,ι-</span> <span class='ocrx_word' id='word_1_316' title='bbox 142 3906 183 3919; x_wconf 66' lang='grc' dir='ltr'>.Ἇ...</span> 
     </span>
    </p>
   </div>
  </div>
 </body>
</html>
