2430 3952
621 714 649 792 1.

400 873 572 950 Panes
599 875 868 951 PALMATVS.

128 1073 255 1149 Quidam
284 1075 333 1133 eeet
362 1077 425 1134 erat
452 1074 534 1148 filias
563 1090 665 1134 coeatis
694 1092 777 1148 queen
805 1075 937 1135 heredem
965 1077 1139 1146 instituerat,

170 1163 288 1222 enecate
310 1163 356 1221 tlte·
377 1180 531 1222 aoeercom
553 1166 740 1238 iuvenemque
759 1165 792 1223 e'a
809 1168 918 1224 secrete
936 1165 1038 1224 domae
1050 1171 1139 1240 para

99 1273 112 1313 s
170 1254 304 1325 seposuit.
350 1253 377 1311 is
399 1257 497 1321 aecta,
525 1253 596 1312 dam
617 1253 651 1311 ia
672 1253 803 1312 cubiculo
825 1271 891 1313 caea
913 1271 1003 1314 acore
1024 1257 1138 1325 iaceret,

171 1343 281 1399 occisas
309 1343 351 1399 est
376 1343 564 1416 tacentesque
585 1345 702 1415 postero
727 1342 774 1400 die
795 1341 904 1402 habeas
924 1343 1058 1417 alodiam
1080 1345 1138 1416 filet
1169 1404 1172 1412 ,

171 1429 299 1501 defixam
325 1431 358 1489 a'a
382 1431 501 1489 eatam
517 1433 632 1504 pariete
654 1430 692 1490 ab
714 1431 809 1503 tostae
832 1431 872 1491 oei
893 1431 952 1505 stlie‘
973 1433 1138 1492 cuticulam

171 1520 298 1593 vestiatis
319 1520 442 1593 adanae
468 1522 623 1579 eraeatoto.
669 1522 808 1579 accusem
833 1536 863 1580 sc
890 1522 1013 1581 taae'ccm
1035 1539 1137 1583 caecas

171 1610 197 1666 et
218 1624 350 1668 aooerco.
1132 1616 1135 1621 ’

85 1808 111 1848 ιο
193 1784 225 1843 Si
247 1785 363 1844 iuvenis
386 1785 657 1860 innocentissimus,
683 1784 808 1860 iudices,
835 1784 880 1846 uti
907 1786 999 1846 vellet
1021 1787 1169 1847 ambitul

125 1874 313 1935 tristissimae
346 1874 539 1950 calamitatis,
572 1876 691 1952 poterat
722 1874 851 1952 allegare
883 1876 967 1936 vobis
997 1878 1136 1937 amissam

124 1981 192 2022 cum
219 1964 311 2022 oculis
339 1963 555 2041 cogitationum
583 1964 715 2022 omnium
741 1964 954 2024 temeritatem:
986 1965 1037 2026 sed
1070 1985 1136 2025 cum

125 2052 278 2111 ostendere
301 2051 503 2112 innocentiam
525 2070 609 2111 suam
630 2051 761 2112 moribus
782 2054 869 2112 malit
888 2071 977 2129 quam
995 2053 1135 2132 adversis,

123 2160 219 2217 neque
247 2141 369 2217 pietatis
392 2159 487 2216 neque
510 2142 708 2201 conscientiae
731 2159 801 2202 suae
824 2161 945 2220 gravem
967 2143 1044 2202 ferre
1068 2162 1134 2204 eon-

84 2253 109 2292 15
123 2231 279 2291 tumeliam
301 2233 410 2306 potest,
432 2232 467 2289 ut
484 2231 677 2306 parricidium
694 2250 754 2289 non
772 2231 875 2290 fecisse
894 2232 1031 2291 videatur
1048 2232 1135 2293 bene·

122 2319 189 2378 ficio
214 2319 374 2379 caecitatia
415 2337 507 2395 quere
530 2320 624 2398 igitur
646 2338 705 2378 non
727 2318 813 2394 petit,
835 2322 869 2379 ut
891 2320 978 2379 illum
995 2323 1135 2381 miserum

193 2507 238 2562 De
257 2508 336 2562 titulo
354 2506 518 2562 collectionis
537 2505 764 2562 declamationum
781 2506 876 2574 confer
889 2508 1097 2576 praefationem.

195 2584 210 2631 2
229 2578 329 2632 titulus
349 2578 420 2632 deest
439 2579 470 2631 ia
482 2586 511 2630 B
524 2577 629 2647 (Parias
643 2576 787 2631 Palmatue
803 2578 971 2632 declamatio
985 2579 998 2632 Ι
1011 2586 1037 2634 et
1051 2597 1084 2634 ar
1102 2597 1132 2633 u-

122 2657 241 2704 meatem
263 2648 327 2704 cdd.
347 2666 419 2703 maa.
438 2650 541 2704 saecuti
559 2649 651 2717 XIX)
727 2648 817 2701 ITEM
838 2647 887 2702 DE
911 2647 1000 2703 GECO
1023 2649 1064 2704 IN
1083 2597 1133 2704 zl-

121 2736 214 2792 nnee
233 2721 325 2791 taff.
344 2736 477 2791 monna
496 2736 624 2791 mame
643 2723 812 2791 ananan?
828 2739 914 2793 meaa
931 2739 1035 2807 pteam
1048 2748 1081 2792 a
1135 2794 1153 2819 ,

193 2815 209 2862 3
233 2811 432 2879 Aayameateem
454 2810 604 2877 coaeposeea‘t
620 2808 791 2864 Laaeeate'ue
814 2809 911 2877 Valto3
937 2809 999 2866 eide
1020 2811 1052 2864 ia
1075 2811 1131 2867 cod.

122 2880 244 2936 Seldeasi
261 2884 299 2934 22
316 2881 397 2947 finem
415 2880 621 2934 declamationis
638 2880 687 2934 II:

191 2952 342 3005 moriturus
362 2949 469 3005 absolvi
487 2949 567 3003 LAU.
587 2949 668 3005 VAL.

192 3022 233 3076 sic
252 3039 304 3092 ego
322 3022 472 3076 formarem
490 3021 586 3075 thema
605 3021 746 3090 aequantia
766 3021 987 3076 declamationis.
1015 3021 1131 3090 qnidam

192 3094 237 3148 cui
257 3093 409 3147 eratfilius
429 3108 509 3146 cecus
528 3099 574 3147 eet.
603 3095 638 3160 cf.
657 3092 735 3148 Dese.
750 3097 839 3162 1155.

121 3165 192 3219 deest
219 3171 408 3235 areameatam
434 3164 466 3218 e'ee
498 3185 516 3216 α
539 3163 655 3234 (Thema
683 3163 758 3232 quod
782 3164 908 3233 euporius
931 3166 975 3234 M)
997 3176 1054 3231 eye.
1099 3164 1132 3220 de

121 3237 186 3290 aliis
208 3238 376 3305 aeyaeaeata'e
397 3237 428 3288 ia
446 3234 521 3290 codd.
545 3236 739 3290 recentioribus
761 3236 954 3291 declamationi
972 3237 1131 3306 praemissis

120 3309 155 3374 ef.
170 3306 248 3361 Dese.
260 3325 290 3376 p.
304 3311 348 3361 eo.
365 3311 408 3361 50.
424 3311 466 3361 51.
482 3310 525 3360 54.
544 3306 584 3360 Η.
596 3325 626 3376 p.
640 3310 684 3362 24.

193 3383 226 3431 10
241 3378 265 3431 ei
274 3409 309 3418 -—
318 3377 403 3432 vellet
416 3393 466 3432 om.
476 3386 511 3444 B,
526 3377 591 3432 add.
605 3395 678 3433 maa.
687 3378 791 3432 saccali
800 3377 880 3432 XIX
925 3384 955 3432 11
973 3378 1090 3447 alligare
1103 3387 1131 3430 Β

122 3455 155 3501 14
179 3449 293 3517 pietatis
312 3471 347 3503 a:
370 3449 473 3518 pietati
493 3448 555 3503 oar.
630 3454 662 3502 16
685 3448 773 3519 igitur
791 3466 841 3504 om.
860 3464 892 3515 ργ
962 3449 1129 3520 111Ξ11111ω

120 3524 149 3589 (6
162 3521 204 3575 cel
219 3524 236 3573 7
250 3521 300 3574 litt.
315 3522 362 3590 er.)
381 3529 413 3573 Μ

948 3608 984 3663 xi
