2430 3952
335 180 568 236 DEGLAMATIO
588 181 777 236 11111041.
999 183 1063 248 25?

54 369 91 409 ac
109 351 236 425 saepius,
258 349 379 423 iudices,
398 349 550 423 admoneo,
570 351 760 424 considerate,
780 350 896 409 discite:
920 354 973 410 aut
991 351 1066 410 nihil

54 457 183 514 usquam
205 439 308 496 contra
331 440 377 496 ius
400 439 471 497 licet
494 441 599 497 autin
622 441 740 515 privato
764 441 873 497 omnia.

122 527 243 586 Etenim
266 527 405 586 adversus
427 528 604 586 inferentem
631 528 772 587 damnum
793 530 873 588 iusta
896 531 972 588 ultio
999 530 1065 588 fuit.

53 615 152 674 dicam
170 634 257 689 nunc,
281 634 372 692 quam
393 616 499 691 iniqua
518 619 558 675 sit
575 619 702 676 invicem
725 619 851 675 iniuriae
875 621 1066 694 conpensatio

26 724 205 782 equumque
235 723 294 763 non
327 706 421 764 solum
453 705 513 783 legi
545 705 669 765 adversa
701 706 752 764 sed
784 709 861 781 paci.
907 707 1067 766 barbarum

54 812 120 854 mos
144 796 189 853 est
211 794 390 870 populorum
409 813 481 869 quos
504 794 607 870 procul
626 797 721 853 omnis
739 797 813 854 iuris
835 795 959 854 humani
977 796 1067 855 socie-

54 885 120 942 tate
143 887 305 942 summotos
328 884 462 959 proxime
487 883 582 943 beluis
605 886 713 942 nutura
736 884 877 943 efferavit.
924 902 978 942 nos
1000 885 1067 944 ideo

54 973 251 1050 magistratus
283 972 421 1048 legesque
449 990 467 1029 a
493 973 654 1032 maioribus
682 975 791 1032 nostris
820 975 999 1049 accepimus,
1031 993 1068 1032 ne

55 1061 103 1120 sui
126 1061 251 1136 quisque
274 1060 384 1119 doloris
407 1061 494 1119 iudex
517 1064 565 1137 sit,
589 1064 619 1120 et
642 1061 782 1120 adsiduae
802 1063 943 1122 scelerum
962 1081 1068 1122 causae

13 1172 42 1214 ro
56 1168 88 1210 se
105 1149 253 1223 refellant,
277 1151 302 1208 si
320 1149 396 1208 ultio
415 1151 526 1208 crimen
546 1150 721 1209 imitabitur.
760 1151 900 1209 damnum
919 1154 1068 1227 accepisti.

55 1241 123 1299 erat
145 1239 205 1312 lex,
232 1239 342 1312 forum,
369 1239 470 1315 iudex,
498 1240 556 1298 nisi
582 1240 681 1298 sivos
704 1242 769 1298 iure
792 1241 938 1298 vindicari
964 1240 1069 1316 pudet3

57 1331 91 1386 at
112 1327 292 1401 mehercule,
316 1329 341 1386 si
374 1327 412 1386 ad
439 1346 522 1387 arma
544 1330 700 1402 mittimur,
730 1332 759 1387 et
781 1331 950 1387 instituitur
971 1330 1070 1405 pemi-

57 1419 139 1476 ciosa
165 1416 290 1475 nocendi
318 1418 482 1490 contentio,
514 1420 544 1476 et
570 1418 601 1474 in
629 1418 724 1476 vicem
753 1419 826 1495 legis
856 1417 902 1476 ira
932 1419 1070 1477 succedit.

56 1508 209 1583 premetur
228 1505 347 1581 quidem
365 1504 491 1563 obnoxia
514 1505 680 1580 infirmitas,
705 1509 735 1565 et
756 1525 918 1582 paucorum
939 1507 1069 1565 dominio

15 1617 44 1659 re
58 1594 192 1655 subiecta
218 1593 318 1670 plebes
348 1595 435 1653 triste
465 1594 619 1654 servitium
650 1596 785 1671 perferet.
832 1598 877 1655 est
908 1599 1009 1655 tamen
1042 1599 1071 1654 et

57 1683 240 1761 pauperibus
262 1684 383 1742 interim
407 1683 498 1758 dolor,
522 1687 564 1757 et,
593 1687 627 1742 ut
648 1685 766 1742 facilius
790 1684 873 1743 nobis
897 1681 997 1744 noceri
1019 1704 1071 1760 po·

57 1775 132 1846 test,
158 1774 203 1831 ita
229 1772 313 1831 vobis
339 1772 438 1832 latius.
484 1776 633 1848 postremo
661 1775 778 1848 placeas
801 1775 872 1833 licet
900 1775 958 1833 tibi
981 1794 1070 1849 opum

57 1865 180 1922 tuarum
201 1861 322 1934 fiducia,
350 1861 444 1936 dives,
472 1864 498 1921 si
520 1863 593 1920 mihi
616 1862 716 1921 videre
739 1882 798 1922 non
824 1862 955 1938 expedit,
986 1881 1072 1938 pares

58 1969 169 2012 sumus.
215 1950 288 2027 quid
310 1947 400 2027 ergo?
446 1953 472 2009 si
495 1951 567 2026 quid
594 1951 650 2010 tibi
674 1951 774 2010 damni
803 1953 973 2011 attulissent
1001 1970 1071 2026 apes
1086 1952 1123 2007 12

15 2062 46 2104 ae
58 2057 152 2113 meae,
174 2057 234 2097 non
256 2039 331 2096 mihi
349 2039 513 2098 auferretur
531 2042 618 2114 ratio,
642 2040 693 2099 sed
710 2042 811 2099 forsan
831 2042 933 2116 aliqua
951 2041 1072 2099 daretur

59 2131 91 2189 et
112 2129 177 2187 tibi.

127 2217 213 2276 Nunc
240 2235 309 2276 vero
339 2217 409 2292 quid
443 2216 593 2292 quereris?
639 2219 724 2278 credo
758 2219 953 2295 depopulatos
987 2238 1072 2296 agros

61 2325 236 2381 eversosque
263 2306 384 2365 reditus.
430 2326 490 2365 non
518 2310 596 2366 enim
624 2308 710 2367 debet
742 2308 807 2367 leve
839 2326 900 2367 esse
933 2308 1073 2366 damnum

62 2395 141 2472 quod
164 2395 245 2454 dives
268 2396 344 2454 ferre
367 2415 427 2453 non
449 2398 551 2471 possit.
595 2392 823 2472 decerpebant,
846 2397 953 2472 inquit,
977 2391 1073 2454 ‘flores

16 2480 162 2549 ’emeca'
210 2484 314 2559 ecquid
337 2485 520 2561 intellegitis,
543 2484 667 2556 iudices,
693 2490 804 2561 quanto
828 2486 928 2544 dolore
951 2484 1074 2561 dignum

61 2575 103 2634 sit
135 2573 213 2649 quod
246 2592 300 2650 ego
331 2573 460 2648 perdidi,
493 2575 518 2632 si
546 2577 637 2633 ctiam
664 2576 720 2634 hoc
749 2575 879 2632 damnun
912 2576 957 2632 est
988 2572 1074 2632 flores

61 2704 276 2712 ...—.----—-.-

135 2795 304 2859 liudicisc
368 2812 483 2850 emoneo
506 2806 535 2863 1'3
555 2812 700 2851 ammoneo
720 2806 752 2848 M
813 2796 897 2849 dicite
917 2805 949 2848 M
1011 2797 1076 2848 set

61 2867 175 2922 enims
228 2865 390 2940 liniquam
403 2877 431 2920 Β
484 2868 579 2937 tpati
598 2877 674 2921 BMS
728 2867 910 2921 barbarorum
929 2872 1077 2936 epraeter

61 2947 91 2992 Β
170 2937 368 2991 deocletatem
387 2948 438 2991 BV
516 2942 704 2993 'isummotus
723 2948 751 2991 Β
820 2939 945 3008 proxime
964 2947 1074 3001 11me

60 3062 204 3133 proximos
223 3071 255 3115 M
343 3067 359 3114 8
382 3028 555 3132 magistratis
571 3073 609 3130 1¹3
629 3064 809 3132 magistrates
827 3072 848 3113 1·
940 3069 972 3116 10
991 3062 1075 3116 ultio:

62 3133 136 3188 vicio
149 3141 219 3186 Bvo
271 3133 376 3186 crimen
389 3134 544 3187 mutabitur
558 3144 590 3187 M
643 3141 673 3187 11
694 3134 832 3187 vindicari
850 3151 883 3187 cor
902 3151 944 3188 -re
958 3145 995 3200 Β;
1016 3136 1076 3188 vin-

62 3205 160 3259 dicare
178 3213 199 3256 V
260 3210 292 3258 12
313 3204 489 3275 mehercule}
507 3209 530 3275 (s
549 3209 596 3275 er.)
614 3216 635 3257 V
695 3206 731 3258 si:
751 3205 842 3268 iamc
905 3205 1030 3259 instituit
1049 3215 1079 3258 M

64 3281 99 3330 14
124 3274 310 3329 dominiorum
333 3285 361 3328 Β
385 3276 405 3344 (i
430 3277 545 3330 alterum
569 3279 619 3331 dcl.
642 3283 668 3346 e)
691 3285 731 3342 M,
758 3276 934 3330 dominorum
954 3287 976 3328 V

65 3354 99 3402 15
119 3345 199 3416 plebs
217 3356 238 3398 V
296 3347 402 3416 perfert
420 3357 449 3413 νς
468 3348 603 3416 perferret
622 3357 654 3400 M
710 3351 764 3400 est:
784 3348 813 3400 et
831 3360 851 3399 o
903 3351 943 3402 et:
962 3365 1014 3402 nec
1030 3357 1081 3401 m‘

65 3423 99 3473 16
124 3420 153 3471 et
171 3427 268 3472 cmm
355 3417 435 3472 nobis
459 3436 508 3473 om.
528 3429 549 3470 V
600 3425 633 3472 17
657 3436 761 3488 opuum
779 3428 807 3471 Β
896 3420 1078 3473 louveres

64 3487 252 3545 conferetur
270 3498 302 3542 M
354 3490 402 3542 sed
422 3490 471 3543 del.
487 3492 543 3544 Bc,
598 3489 702 3544 forsam
721 3499 753 3542 M
811 3495 844 3542 23
863 3506 1012 3558 versosque
1030 3499 1083 3542 Bs‘

64 3566 100 3616 ao
119 3559 222 3628 ecquid
241 3573 271 3614 e:
295 3561 393 3628 etquid
412 3583 433 3613 ω
501 3561 607 3615 iudices
627 3575 707 3625 onae

120 3658 280 3708 varmmnr
293 3669 495 3702 nncnaunrronns
511 3662 545 3702 ed.
559 3661 699 3703 Lehnert.
898 3655 934 3699 Ἦ
