2430 3952
130 163 173 227 94
459 161 583 216 AEGER
600 160 820 216 REDEMPTVS

130 331 238 390 artifex
261 331 332 390 deus
355 325 387 388 in
410 349 564 390 commune
592 349 760 390 succurrere
783 333 814 389 et
835 350 889 406 per
915 331 1035 390 mutuas
1059 333 1144 390 auxi-

129 421 238 479 liorum
261 420 339 478 vices
362 419 394 477 in
418 420 511 478 altero
536 438 682 494 quemque
707 419 786 495 quod
807 438 862 496 pro
886 437 917 478 se
939 421 1067 496 timeret,
1092 422 1144 480 ad·

130 527 233 569 serere.
269 509 400 566 nondum
422 508 478 568 hoo
501 508 610 568 caritas
633 511 686 583 est,
708 527 762 568 neo
785 509 918 584 personis
940 510 1077 585 impensa
1099 530 1145 569 re-

129 598 271 672 verentia,
294 597 346 656 sed
368 597 511 656 similium
534 596 731 656 accidentium
753 597 872 673 providi
894 600 990 656 metus
1014 600 1045 656 et
1065 616 1146 657 oom-

128 686 264 745 munium
287 686 481 746 fortuitorum
502 686 659 763 religiosus
681 687 793 745 horror.
825 687 858 744 in
881 687 979 745 aliena
998 687 1078 744 fame
1098 689 1146 746 sui
1171 708 1183 748 e

130 776 254 852 quisque
277 778 440 834 miseretur.
478 777 521 834 sio
543 774 623 833 cibos
646 775 760 834 obsidio
783 777 922 851 partitum,
945 775 987 834 sio
1009 775 1146 852 inopiam

129 867 242 940 pariter
268 866 476 942 navigantium
503 864 673 938 frequenter
699 864 787 921 unius
816 863 957 922 alimenta
986 868 1144 939 paverunt.

128 953 197 1012 hinc
220 955 250 1012 et
276 953 328 1011 ille
354 955 436 1012 veuit
464 952 597 1011 adfectus
621 953 702 1026 quod
728 953 839 1030 ignotis
868 953 1061 1012 cadaveribus
1089 955 1144 1012 hu-

128 1062 212 1100 mum
229 1042 399 1118 ingerimus
415 1045 444 1100 et
462 1042 643 1117 insepultum
663 1041 817 1117 quodlibet
833 1059 939 1118 eorpus
957 1043 1042 1101 nulla
1059 1041 1144 1102 festi-

129 1132 212 1189 natio
235 1133 298 1188 tam
320 1130 426 1205 rapida
448 1131 638 1205 transcurrit,
666 1133 784 1189 utnon
808 1131 1071 1206 quantulocunque
1094 1152 1143 1191 ve·
1158 1152 1182 1193 ro

129 1221 249 1278 neretur
271 1221 404 1296 aggestu.

95 1308 109 1362 7
196 1307 373 1367 Parentibus
401 1327 471 1367 vero
502 1307 589 1366 liberi
621 1327 680 1366 nou
712 1308 871 1384 praestetis
904 1309 1059 1384 alimenta,
1091 1309 1144 1368 sed

129 1397 267 1456 redditis:
291 1401 413 1473 quanto,
436 1397 478 1455 dii
497 1397 636 1471 deaeque,
658 1397 803 1471 breviora,
823 1399 938 1472 quanto·
952 1398 1069 1456 minora
1086 1417 1143 1474 pro

129 1488 177 1546 tot
198 1486 358 1561 infantiae,
379 1488 426 1545 tot
448 1486 593 1562 pueritiae
617 1485 796 1562 sumptibus,
819 1488 883 1545 tum
905 1486 996 1545 variis
1018 1487 1068 1546 vel
1090 1487 1143 1545 ab·

129 1575 359 1635 stinentissimae
391 1575 556 1636 iuventutis
586 1572 766 1651 impendiis?
816 1577 841 1633 si
872 1575 1053 1634 mehercules
1084 1575 1142 1635 hoo
1156 1596 1180 1637 rs

129 1684 247 1741 quoque
270 1664 362 1724 officii
385 1683 478 1741 genus
497 1667 604 1723 natura
621 1663 816 1740 permitteret,
838 1663 912 1722 bene
931 1682 985 1740 pro
1005 1664 1141 1723 deficien-

128 1754 208 1813 tibus
233 1753 347 1829 aliquid
370 1754 401 1811 et
422 1753 486 1812 vita
509 1755 610 1812 vestra
632 1753 819 1828 dependeret,
842 1751 1009 1828 iterumque
1029 1772 1064 1811 ex
1086 1753 1142 1812 illa

129 1862 220 1918 quam
237 1842 382 1918 traxistis,
406 1842 505 1900 anima
523 1841 621 1917 portio
639 1841 738 1900 brevis
756 1841 789 1899 in
807 1860 892 1900 suum
911 1841 1021 1901 rediret
1039 1846 1141 1901 auoto-

128 1951 198 1990 rem.
235 1931 328 1990 vultis
346 1932 420 1989 seire
435 1932 563 2006 quantus
581 1930 695 1988 nomini
713 1933 814 1989 nostro
830 1930 971 1989 debeatur
985 1929 1141 1991 adfectus?

128 2021 241 2095 quanta
263 2017 436 2078 veneratio?
480 2038 541 2078 non
564 2021 609 2077 est
630 2017 804 2077 beneficium
828 2018 907 2094 quod
928 2019 1065 2094 pascitis,
1088 2020 1142 2079 sed
1155 2041 1181 2080 ao

128 2110 173 2167 est
191 2108 306 2166 lacinus
326 2107 405 2183 quod
423 2109 548 2185 negatis.
583 2107 691 2166 liberi
713 2110 882 2183 parentes
907 2108 1015 2166 alant.
1047 2109 1142 2184 pudet

128 2214 278 2255 sacrorum
305 2198 471 2272 nominum,
499 2197 592 2272 pudet
613 2196 766 2272 religionis
790 2197 945 2255 humanae.
991 2197 1047 2256 hoc
1070 2216 1140 2274 ergo

127 2287 174 2344 lex
198 2283 276 2343 erit?
312 2284 384 2360 quid
406 2285 550 2361 imprecer
571 2285 685 2344 homini
709 2286 760 2360 qui
783 2287 896 2361 primus
919 2285 997 2362 fecit,
1021 2289 1056 2344 ut
1076 2286 1140 2363 pie-

126 2377 190 2433 tate
221 2371 412 2433 iuvaremuri
460 2373 568 2432 liberi
604 2376 774 2450 parentes
810 2375 919 2433 alant.
970 2394 986 2433 o
1019 2375 1139 2434 crudele

126 2464 252 2523 factum!
298 2482 315 2522 o
343 2481 495 2538 nunquam
525 2464 641 2522 tristior
668 2462 775 2521 famesl
807 2464 852 2521 ita
880 2465 978 2538 pascit
1007 2463 1058 2521 ille
1087 2464 1140 2539 qui
1153 2485 1180 2526 as

128 2550 264 2630 cogitur?

196 2642 261 2701 Non
280 2641 424 2715 meruisti,
446 2641 556 2717 iuquit,
580 2640 720 2716 accipere.
758 2639 874 2699 discede
891 2642 997 2715 pietas,
1021 2641 1139 2716 quiesce

126 2731 291 2807 paulisper:
318 2730 476 2789 infirmitas
503 2729 718 2788 remuneranda
740 2730 788 2788 sit.
833 2730 963 2805 primum
985 2730 1034 2787 lex
1058 2749 1139 2790 seve-

126 2821 245 2878 rissima
272 2823 330 2895 est,
359 2822 394 2879 ut
423 2820 530 2878 fortius
560 2818 702 2877 alimenta
731 2820 900 2893 poscantur.
945 2818 1139 2894 perdiderunt

125 2909 378 2984 pulchritudinem
409 2909 656 2982 sanctitatemque
693 2910 818 2966 naturae
850 2908 902 2983 qui
935 2910 1044 2983 putant
1075 2909 1137 2968 illis
1152 2929 1179 2970 oo

125 2998 299 3073 parentibus
326 3000 393 3056 iura
420 3016 588 3056 sucorurere
613 2995 719 3072 quibus
743 2995 824 3071 apud
850 2996 960 3055 liberos
985 2997 1069 3055 salva
1092 3001 1137 3056 est

196 3167 328 3256 themor
350 3212 371 3254 V
440 3184 582 3272 tpdtitur
599 3210 639 3269 B;
664 3200 772 3270 patitur
790 3210 817 3254 P
886 3200 1025 3254 8innotis
1048 3211 1069 3253 V
1186 3262 1189 3268 ¹

126 3279 141 3327 9
164 3273 318 3344 ingerimus
341 3274 381 3328 oel
399 3273 574 3344 congerimus
594 3285 621 3326 s:
645 3272 767 3343 gerimus
786 3293 808 3324 ω
895 3278 926 3325 11
947 3274 1078 3342 aggestu:
1103 3289 1136 3327 ac

145 3347 207 3399 estu
228 3355 250 3397 V
306 3349 338 3399 11
357 3347 462 3399 vestra:
481 3346 578 3398 nostra
596 3356 617 3397 o·
668 3343 839 3413 dependeret
858 3365 887 3397 a:
908 3343 1073 3411 deperderet
1091 3357 1136 3410 py;

125 3363 346 3486 deprehenderet
364 3430 385 3470 u
454 3421 488 3470 18
511 3416 542 3470 in
560 3433 641 3469 suum
659 3424 763 3482 om.15;
786 3413 883 3468 adde
956 3420 988 3468 19
1007 3414 1090 3468 voltis
1108 3424 1138 3468 B

126 3545 159 3596 25
176 3543 276 3611 pascet
297 3551 318 3593 v
386 3547 418 3595 29
438 3521 590 3611 piscantur
606 3549 635 3593 Β
706 3545 738 3593 31
758 3485 906 3593 libesriilsvafl
