2430 3952
406 205 641 260 DECLAMATIO
660 205 724 260 VIII
738 212 816 262 1-3.
887 262 889 266 Α
1053 208 1117 272 141

102 394 169 434 mus
188 393 275 434 senex
297 374 451 450 parricidii
473 377 693 434 immanitatem
715 378 797 435 metu
819 377 932 435 maiore
954 379 1118 455 protegere,

102 482 163 523 non
186 466 306 522 invenio
329 463 407 522 unde
430 465 533 541 colligi
554 465 662 540 possit,
689 466 848 540 utrumque
875 466 967 524 fuisse
994 468 1118 525 moritu·

101 573 178 611 rum
224 572 259 612 ex
281 553 395 612 duobus
417 555 516 630 aegris
544 572 604 612 non
630 555 734 628 periit,
761 556 821 612 nisi
849 555 901 629 qui
928 558 1041 614 occisus
1064 557 1116 615 eat

169 641 248 700 Ante
261 643 377 700 ‘omnia
403 643 497 720 igitur
523 642 599 700 illud
626 661 646 700 a
673 641 757 702 vobis
786 642 991 702 infelicissima
1020 645 1154 704 mater2

73 732 188 808 spetit,
212 750 249 790 ne
271 730 394 789 maximi
416 731 535 790 sceleris
557 731 624 790 ideo
644 731 794 791 decrescat
811 732 934 806 invidia,
958 734 1029 807 quia
1050 736 1118 809 pati

101 818 222 878 videtur
245 822 275 879 et
297 838 365 878 reus
388 819 517 878 orbitate
543 819 727 879 tantundem.
774 841 834 879 non
856 821 987 897 perdidit
1012 821 1117 896 filium,

103 909 238 984 quisquis
265 908 382 967 occidit
429 910 599 984 explicata
623 909 724 968 dolore
750 912 867 985 patrem
889 911 970 986 quud
993 911 1051 970 sibi
1072 913 1117 969 ui·

102 996 189 1056 detur
218 998 320 1057 fecisse
348 1017 411 1056 rem
437 999 600 1056 maximam
627 1000 657 1056 et
684 1001 716 1056 in
742 1000 842 1058 locum
872 1002 988 1058 iuvenis
1016 1001 1118 1058 amissi

102 1087 258 1146 substituit
285 1087 321 1145 de
349 1089 484 1145 vanitate
511 1088 663 1147 solacium
710 1089 770 1147 alia
798 1091 855 1162 est,
888 1090 950 1147 alia
983 1088 1117 1148 condicio

61 1194 89 1235 ιο
101 1176 209 1234 matris
233 1195 310 1251 quae
332 1176 447 1234 medico
470 1195 530 1234 non
552 1176 687 1249 credidit,
711 1178 791 1252 apud
814 1197 905 1252 quam
928 1180 1116 1237 saeuissimae

102 1264 283 1325 condicionis
309 1266 482 1324 immanitas
509 1264 598 1323 fidem
625 1284 685 1323 non
707 1268 808 1341 potuit
834 1269 995 1342 impetrare
1021 1269 1117 1343 temp

101 1353 195 1414 tandi
232 1373 296 1429 pro,
311 1356 436 1429 utroque
458 1356 570 1427 timuit,
593 1373 647 1430 pro
670 1357 796 1430 utroque
819 1358 959 1431 speravit.
1000 1357 1117 1415 facinus

102 1445 238 1502 osteum
260 1444 382 1501 maioris
405 1444 527 1518 pietatis
550 1443 646 1501 videri
669 1445 721 1518 qui
741 1443 777 1500 de
800 1446 896 1502 morte
919 1444 974 1502 filii
996 1447 1117 1520 putavit

101 1532 225 1591 ulterius
258 1533 306 1590 vel
339 1535 419 1616 certa
451 1532 547 1590 salute
578 1534 751 1608 transigere.
802 1535 845 1592 sic
874 1532 987 1591 debetis
1020 1533 1116 1592 odisse

58 1639 86 1680 re
100 1623 231 1698 patrem,
257 1622 414 1695 tamquam
436 1621 510 1680 duos
534 1621 675 1679 occiderit
696 1623 780 1680 cuius
803 1641 862 1680 non
889 1618 1027 1680 interfuit
1049 1625 1117 1680 uter

100 1709 292 1769 occideretur.
337 1712 515 1784 esttamen,
538 1712 718 1769 sanctissimi
740 1711 866 1785 iudices,
890 1710 968 1786 quod
991 1711 1027 1768 de
1050 1729 1115 1769 cm-

100 1798 251 1858 delissimo
278 1799 429 1874 parricida
452 1801 536 1874 queri
562 1800 658 1874 possit
679 1818 739 1857 non
764 1800 830 1858 sola
856 1801 960 1858 mater.
1007 1800 1116 1859 adiecit

99 1888 238 1947 humanis
262 1888 484 1947 calamitatibus
506 1890 604 1963 ipsam
622 1890 783 1946 sanitatem
805 1890 836 1947 et
857 1889 1029 1947 morborum
1051 1889 1115 1946 lan-

100 1978 260 2055 guorisque
273 1976 449 2036 violentiam
467 1977 630 2036 medicinae
647 1980 799 2036 concessit.
836 1978 931 2036 filium
949 1978 1058 2037 occidit
1071 2011 1115 2021 —

57 2086 85 2126 aa
99 2068 126 2126 si
151 2066 355 2141 ipsiereditis
377 2067 570 2126 -fortasse
592 2069 771 2125 moriturum
796 2068 827 2125 et
853 2068 1005 2126 hominem
1030 2069 1114 2127 cuius

100 2157 210 2214 caritas
232 2155 377 2214 debuerat
398 2157 465 2230 ipsa
488 2155 694 2231 desperatione
717 2158 856 2230 crevisse,
884 2159 915 2214 in
938 2157 993 2214 hoc
1018 2157 1115 2215 solum

98 2244 249 2321 inpendit,
277 2246 312 2302 ut
334 2244 511 2302 tantumdem
532 2248 701 2320 superesset
722 2246 837 2304 incerti.
883 2264 942 2303 non
966 2248 1115 2320 exonerat,

97 2333 225 2407 indices,
252 2335 472 2391 immanitatem
499 2335 665 2392 saevissimi
691 2336 786 2409 patris
810 2334 889 2409 quod
915 2335 971 2393 hac
998 2337 1113 2392 ratione

98 2421 232 2481 credidit
279 2421 315 2480 de
343 2422 504 2500 languente
530 2422 593 2481 filio
621 2443 684 2481 rem
710 2423 891 2496 inauditam,
922 2443 985 2481 rem
1017 2424 1114 2481 facere

57 2529 84 2570 aa
99 2511 248 2570 crudelem
270 2530 362 2570 unam
384 2513 532 2569 rationem
554 2511 653 2586 habet,
676 2514 702 2570 si
723 2514 787 2588 ipse
811 2514 938 2571 sanetur.

166 2597 191 2659 O
214 2601 331 2658 tristior
356 2599 565 2677 indigniorque
591 2619 708 2675 semper
730 2620 868 2660 mensura
894 2601 1148 2675 calamitatumss

98 2708 209 2768 magna
236 2690 378 2748 felicitas!
414 2690 542 2748 huncine
570 2690 641 2748 fecit
664 2692 776 2748 exitum
798 2691 853 2747 illa
875 2689 962 2747 modo
991 2689 1113 2748 civitate

97 2780 163 2838 tota
192 2780 351 2854 conspicua
378 2779 487 2853 mater,
516 2779 568 2836 ille
595 2778 772 2838 indiscretus
801 2778 838 2839 ab
866 2780 992 2852 utroque
1020 2778 1113 2838 latere

98 2869 272 2949 comitatus,
299 2867 351 2925 ille
374 2867 568 2944 gaudentium
596 2867 691 2927 dulcis
714 2886 795 2926 error
823 2865 995 2927 oculorum?
1041 2867 1113 2943 quid

57 2974 84 3014 ao
97 2958 173 3016 mihi
199 2958 327 3016 mortem
353 2957 500 3016 nuntiatis
528 2955 637 3016 unius?
681 2957 812 3031 perdidit
835 2959 944 3016 misera
972 2959 1112 3034 geminos.

96 3083 296 3091 --...—.—
305 3087 310 3091 .

169 3163 185 3211 3
201 3159 319 3242 perier
383 3167 398 3214 7
418 3161 541 3232 explicat
561 3177 578 3214 a
597 3161 703 3216 dolore:
724 3162 911 3232 explicatam
930 3162 1025 3216 dolore
1042 3173 1064 3215 ι’

97 3229 252 3284 sibi2s1u
313 3231 406 3286 aelia
425 3235 468 3286 eet
487 3232 610 3288 conditio
633 3242 655 3284 V
720 3240 751 3286 11
771 3233 855 3286 fidem
873 3233 1113 3299 nun3demr'1iu

96 3318 151 3356 ras.
170 3311 192 3353 V
277 3303 440 3372 impetrare:
466 3319 540 3357 -rare
563 3305 594 3357 iu
616 3315 708 3358 rusa
782 3309 814 3356 13
839 3322 914 3358 eum:
935 3321 997 3357 cum
1017 3313 1044 3357 P

97 3379 130 3426 la
149 3374 231 3442 patre
246 3374 295 3433 dal.
312 3384 344 3442 Ρ,
363 3376 395 3428 iu
408 3392 493 3446 (παρ.
511 3375 573 3430 cdd.
589 3377 697 3444 patrem
712 3397 734 3438 p
803 3381 835 3430 17
854 3375 1015 3446 ραττίξοίᾱα
1030 3378 1058 3444 (2
1071 3376 1112 3429 cel

96 3445 179 3498 aaa.
197 3461 234 3498 cr.
254 3447 336 3501 inita'c
350 3449 440 3515 primi
456 3464 549 3501 casua
562 3447 609 3514 fel.
625 3449 681 3516 45v)
699 3456 728 3499 Ι
799 3452 832 3500 19
851 3446 1015 3500 violentiam
1031 3457 1061 3499 B

96 3520 131 3568 11)
153 3515 249 3584 ipsum
267 3529 288 3569 a
375 3524 408 3571 22
429 3519 582 3572 exhonorat
604 3526 625 3568 V
705 3523 740 3571 23
765 3517 800 3572 de
819 3518 872 3572 hac
891 3519 1000 3572 ratione
1019 3519 1112 3583 Bessa

96 3585 151 3640 lrac
170 3587 316 3642 curatione
336 3589 398 3644 oar.
473 3594 506 3643 26
531 3605 585 3658 que
603 3606 652 3645 oar.
668 3599 704 3659 Β,
722 3600 832 3661 surpra
932 3651 935 3656 ¹

920 3676 976 3730 to*
1153 3668 1200 3730 Ι
