2430 3952
375 210 611 264 DECLAMATIO
630 210 668 262 lx
682 215 787 263 aa-aa
807 210 832 263 x
847 215 870 263 1.
1065 210 1131 275 189

606 483 646 556 X.

306 643 589 716 SEPVLORVM
616 641 948 716 INOANTATVM.

120 844 231 901 Menan
264 858 488 901 rmcrarmms
521 858 569 899 sm
598 857 700 899 Acme.
751 839 832 908 Quae
864 843 1020 900 amissum-
1037 841 1132 900 filium

164 933 250 992 nocte
267 931 389 990 videbat
410 932 443 987 in
466 931 584 1003 somnis,
606 930 751 988 indicavit
773 931 891 989 marito.
927 930 979 988 ille
998 931 1131 989 adhibito

93 1041 105 1080 a
163 1040 250 1098 mago
273 1021 440 1078 incantavit
462 1020 637 1094 sepulcrum.
678 1020 775 1077 mater
798 1018 886 1077 desiit
908 1019 1008 1078 videre
1028 1019 1130 1077 filium.

164 1113 285 1169 accusat
306 1111 448 1168 maritum
470 1109 567 1166 malae
589 1098 786 1167 tractationis.

186 1303 340 1378 Quamvis,
371 1304 495 1377 iudices,
525 1305 605 1362 inter
634 1321 683 1362 eos
711 1305 763 1377 qui
793 1303 955 1362 liberorum
985 1298 1166 1363 mortibusl

119 1395 258 1452 destituti
284 1395 390 1452 cuncta
417 1394 489 1451 veta
517 1394 547 1450 et
577 1394 771 1467 praeparatas
799 1411 864 1467 spes
892 1393 923 1449 in
951 1395 1132 1451 senectutem

121 1484 189 1542 ante
212 1502 243 1543 ee
266 1483 403 1560 egerunt,
430 1481 461 1539 id
483 1482 544 1540 fere
567 1480 788 1540 acerbissimum
812 1483 959 1539 certamen
982 1481 1131 1540 conflicta-

81 1593 106 1632 10
120 1573 211 1631 tionis
244 1573 371 1644 oriatur,
403 1572 438 1628 ut
465 1567 676 1645 unusquisque
693 1569 822 1629 luctibus
850 1588 884 1627 ac
913 1570 1043 1628 lacrimis
1072 1572 1132 1628 suis

122 1661 223 1720 credat
251 1659 386 1719 accedere
415 1659 564 1734 quandam
592 1658 782 1736 dignitatem,
811 1659 836 1718 si
863 1659 1044 1717 miserrimus
1071 1678 1132 1718 esse

121 1749 271 1822 videatur,
302 1750 376 1807 haec
402 1750 503 1806 tamen
530 1748 641 1806 femina
668 1766 763 1822 neque
790 1750 862 1806 neto
890 1767 984 1822 neque
1013 1747 1132 1823 publico

122 1857 227 1915 genere
257 1837 435 1897 miserabilis
467 1856 527 1895 nen
557 1836 745 1912 impudenter
775 1837 854 1894 inter
881 1838 993 1896 ceteras
1023 1839 1133 1896 matres

122 1947 198 2003 quae
221 1929 274 1985 aut
296 1928 398 1985 unicos
422 1930 475 1985 aut
496 1925 617 1985 iuvenes
640 1926 706 2000 pios
729 1924 805 1983 filios
828 1925 1033 2000 perdiderunt,
1062 1926 1133 1984 emi-

82 2036 191 2077 nuere
214 2018 244 2075 et
267 2033 410 2091 occupare
433 2015 580 2090 quendam
602 2014 797 2073 maerentium
824 2013 1026 2089 principatum
1052 2014 1132 2073 diffe-

121 2107 218 2164 rentia
240 2123 335 2164 novae
359 2104 539 2162 calamitatis
563 2103 682 2161 affectat
705 2122 781 2178 quae
804 2104 868 2162 sola
891 2104 1022 2162 omnium
1044 2123 1134 2179 supra

121 2195 210 2253 fidem
232 2194 336 2252 infelix
359 2195 389 2250 in
413 2212 472 2251 uno
499 2192 561 2252 filio
583 2191 645 2250 iam
672 2192 798 2250 alteram
824 2194 940 2266 patitur
965 2192 1132 2252 orbitatem.

121 2284 251 2359 priorem
275 2282 394 2357 quidem
415 2282 509 2355 illam,
531 2283 566 2339 ut
589 2299 774 2339 communem
798 2283 902 2341 ceteris
923 2283 953 2340 et
975 2282 1132 2341 10100001-

123 2372 249 2446 dentem,
272 2372 379 2429 fortius
403 2373 552 2447 utcunque
575 2370 731 2428 tolerabat.
768 2389 838 2428 nam
862 2371 949 2428 etde
972 2369 1034 2428 filio
1057 2370 1133 2428 nihil

81 2482 108 2522 ac
123 2461 207 2519 aliud
228 2460 398 2537 perdiderat
420 2459 527 2518 misera
550 2460 609 2518 nisi
627 2458 696 2533 dice,
719 2477 773 2517 nec
790 2460 852 2517 iam
869 2458 1004 2532 timebat,
1026 2478 1063 2517 ne
1081 2459 1134 2516 ille

124 2569 182 2626 quc
200 2550 362 2623 fruebatur,
385 2549 462 2606 meri
483 2549 591 2623 posset.
628 2547 796 2623 planetibus
820 2548 1017 2622 lacrimisque,
1039 2565 1133 2622 paene

122 2639 257 2714 improbe
289 2638 426 2711 dixerim,
458 2638 577 2713 parcius
608 2637 756 2710 utebatur,
788 2655 824 2694 ne
856 2635 913 2695 sibi
942 2636 1134 2710 permittebat

124 2727 209 2787 dolor
237 2727 339 2805 lugere
366 2726 540 2785 venientem.
585 2744 663 2784 nunc
687 2725 831 2784 destituta
858 2725 980 2798 solacio,
1012 2743 1133 2800 persua-

124 2879 197 2934 eaa
220 2880 372 2948 (111ομ
441 2877 478 2930 n.
498 2876 517 2929 f.
538 2846 706 2941 curaturam
725 2875 872 2930 eleuata
895 2875 1011 2944 explica
1031 2875 1134 2945 nepa

123 2950 340 3005 matemathicue
362 2957 388 3001 S.

196 3020 349 3075 311101οΒ
366 3020 406 3090 <M
423 3019 555 3073 1110110101
568 3020 665 3088 plexit
683 3023 718 3089 B)
733 3028 765 3072 Β
805 3019 854 3103 „fit
871 3028 974 3105 Bure„
1017 3020 1134 3102 4-00010

124 3128 175 3166 cm.
193 3121 215 3162 V
263 3114 358 3179 tpoat
374 3107 552 3162 tractationis
571 3107 634 3161 add.
650 3117 682 3161 Β
702 3107 830 3161 EXPLIC
857 3107 939 3162 ARG.
959 3106 1055 3161 INCIP
1080 3106 1134 3161 SE·

123 3198 267 3252 PVLCRV
288 3197 474 3252 IOANTATV
497 3202 523 3251 01
546 3199 578 3251 iu
599 3214 683 3267 marp.
705 3196 796 3250 Causa
813 3196 852 3249 XI
873 3197 960 3251 101010
1031 3195 1135 3264 Incipit

125 3270 285 3340 sepulcrum
302 3270 478 3323 incantatum
496 3270 592 3337 (011010
605 3270 692 3338 picta)
712 3277 739 3320 ι’

198 3340 376 3406 lQuamvis:
397 3339 419 3405 Q
438 3341 524 3394 minio
537 3340 643 3408 pictum
662 3349 689 3392 Β
748 3341 860 3392 8vota:
879 3355 943 3393 vero
957 3349 985 3392 B
1043 3338 1074 3391 in
1093 3354 1134 3392 ee-

125 3414 378 3467 0001110110οΒ
448 3411 581 3464 910000
642 3415 674 3464 12
693 3413 773 3464 neto:
792 3411 883 3463 totum
900 3420 924 3463 J
989 3415 1022 3462 14
1041 3408 1134 3548 <md

125 3484 187 3554 pice
210 3482 238 3551 ἒς
257 3485 307 3538 aut
324 3482 456 3552 pulchros
475 3483 558 3537 Klotz
616 3487 651 3535 20
669 3480 843 3551 perdiderat:
863 3483 937 3535 crat
954 3484 985 3535 10
1002 3498 1056 3537 rua
1072 3483 1116 3550 (1.

124 3601 153 3644 Β
224 3595 256 3644 21
279 3571 423 3660 pladtibue
440 3598 469 3641 Β
497 3586 499 3590 ’
