2430 3952
389 186 621 241 DECLAMATIO
639 186 691 241 VH
705 192 782 241 5-7,
1030 187 1093 252 139

78 356 171 431 dixit,
197 358 246 414 hic
273 357 325 414 ille
352 356 594 430 contumeliosus,
621 355 673 415 ille
699 350 857 432 inpotens?
904 375 958 433 ego
986 358 1093 431 nescio,

80 463 121 504 an
142 444 218 503 mihi
239 446 334 520 possit
356 445 388 502 in
408 446 580 519 quaestione
602 444 752 519 sufficere,
769 444 847 520 quod
865 445 937 520 vidi,
961 448 991 505 et
1014 446 1094 520 quod

79 534 219 594 inimicus
241 553 288 592 me
312 533 464 592 contendit
491 534 558 593 ideo
580 534 656 593 velle
682 534 824 610 torqueri.
868 536 1018 595 tormenta
1040 552 1092 610 po*

79 624 176 683 oculo:
215 642 251 682 en
279 623 317 682 ad
345 622 424 698 quod
456 623 609 700 confugiat
639 623 727 681 homo
757 623 808 698 qui
840 641 870 682 se
901 623 976 682 sciat
1007 641 1092 699 posse

48 710 212 772 ementiri.
257 712 340 769 nulla
367 713 413 770 est
438 713 517 770 ratio
542 704 747 787 quaestionum
773 711 879 771 relicta
906 712 1092 786 mortalibus,

80 803 107 861 si
130 801 275 859 adiuvant
298 802 401 858 contra
424 802 589 875 veritatem,
614 803 644 858 et
666 800 784 859 sublate
807 802 852 860 est
875 800 1015 860 derebus
1038 801 1092 859 hu·

79 891 179 949 manis
200 889 384 948 necessitatis
406 890 494 949 huius
517 891 646 964 utilitas,
674 891 700 948 si
724 891 786 947 iam
813 890 893 948 ultro
920 892 1022 949 tuetur
1044 908 1092 947 ex·

79 979 232 1055 plicatque
255 977 443 1055 fingentibus.
478 978 629 1053 hueusque
652 978 761 1038 durant
779 980 853 1038 artis
876 980 996 1056 ingenia
1014 998 1093 1037 mor-

79 1067 201 1142 talium,
233 1070 264 1126 et
290 1068 361 1126 licet
388 1068 428 1125 sit
456 1068 564 1142 aliquis
591 1069 697 1127 secreti
727 1066 868 1126 firmitate
900 1069 1092 1143 compositus,

36 1175 66 1216 ro
79 1155 231 1215 hominem
257 1159 358 1215 temen
385 1155 465 1214 ultra
492 1160 553 1215 non
580 1157 716 1231 sequitur
747 1159 871 1216 animus.
917 1175 977 1216 non
1003 1159 1092 1216 vacat

80 1245 215 1305 adserere
243 1264 319 1320 quae
345 1245 477 1319 finxeris,
508 1246 580 1304 tunc
608 1264 674 1304 cum
701 1247 751 1303 vix
782 1245 903 1321 prodest
933 1248 963 1304 et
989 1265 1092 1305 verum

79 1334 177 1393 fateri.
215 1336 245 1392 et
266 1353 352 1393 nemo
375 1350 435 1392 non
453 1336 556 1392 contra
569 1334 610 1392 ·id
632 1336 798 1408 torquetur,
821 1334 900 1409 quod
924 1334 1000 1392 dixit
1023 1338 1092 1394 ante

78 1424 236 1482 tormenta.
281 1441 341 1481 non
367 1423 460 1482 refert
486 1424 570 1482 cuius
593 1421 632 1481 ad
655 1423 788 1481 eculeum
815 1425 949 1495 nominis,
969 1442 1091 1499 persua-

79 1513 202 1585 sionem,
225 1531 298 1587 ques
322 1512 434 1571 silentii
452 1511 568 1570 adferas
588 1529 700 1571 causas.
731 1504 764 1568 in
783 1511 1006 1586 quaestionibus
1025 1514 1090 1574 tane

36 1618 65 1661 es
78 1602 145 1660 tum
163 1619 287 1676 corpora
306 1619 415 1675 sumus,
434 1603 464 1659 et
481 1619 568 1659 nemo
586 1618 646 1660 non
664 1602 768 1659 contra
780 1601 917 1675 'aliquem
934 1603 1092 1675 torquetur
1120 1637 1124 1647 ι

79 1689 238 1749 adfectum.
275 1692 392 1767 exigam
411 1691 622 1764 quaestionem,
641 1709 679 1748 an
697 1707 838 1762 recusem,
857 1689 929 1764 quid
947 1687 1091 1748 interest?

78 1779 295 1838 tormentorum
309 1774 382 1856 <vi>
395 1778 478 1837 brevi
496 1779 613 1838 futurus
633 1779 739 1838 similis
756 1778 871 1837 homini
890 1780 942 1853 qui
959 1779 1091 1837 fateatur

78 1867 201 1926 invitus.
246 1886 369 1942 novum,
404 1868 530 1942 iudices,
565 1867 792 1942 inauditumque
828 1866 915 1926 rebus
951 1868 1090 1926 humanis

79 1958 214 2032 aperitur
236 1957 409 2032 exemplum.

33 2063 65 2104 so
145 2045 240 2104 Nemo
267 2065 409 2120 umquam
435 2045 501 2103 ideo
528 2045 661 2119 torqueri
688 2064 747 2103 non
775 2044 889 2120 debuit,
913 2047 984 2121 quia
1008 2046 1125 2104 men-7

78 2135 195 2193 tiretur.
240 2134 292 2192 sed
319 2135 375 2193 etsi
402 2135 448 2192 fas
472 2136 529 2208 est,
555 2134 680 2207 iudices,
703 2134 839 2193 dubitare
863 2135 899 2194 de
921 2134 977 2194 fide
1001 2154 1089 2210 quse·

79 2223 224 2298 stionum,
251 2223 327 2282 alius
355 2222 442 2282 debet
470 2241 533 2282 esse
560 2226 726 2298 suspectus,
753 2224 804 2282 ille
827 2224 953 2298 sedicet,
976 2224 1008 2282 in
1031 2242 1090 2299 quo

78 2312 232 2371 servilium
261 2315 414 2387 pectorum
436 2330 582 2386 recessus,
608 2313 640 2369 in
664 2331 721 2388 quo
745 2313 871 2372 remites
902 2314 1091 2372 excutiuntur

79 2403 168 2460 artes.
215 2403 350 2476 quotiens
378 2401 485 2459 tortori
509 2403 553 2460 est
574 2402 640 2458 rixa
665 2419 734 2459 cum
755 2401 908 2476 membris,
936 2421 1003 2461 cum
1026 2421 1090 2460 cru-

32 2505 65 2552 so
79 2489 175 2549 ciatus
205 2491 340 2566 agnoscit
370 2489 500 2549 adsiduis
533 2490 687 2566 suppliciis
720 2489 827 2548 durata
858 2491 1012 2565 patientia.
1060 2492 1091 2549 et

80 2578 169 2638 homo
202 2579 250 2636 cui
278 2579 397 2638 omnino
426 2581 470 2638 est
501 2597 579 2637 nova
610 2597 657 2638 res
690 2578 787 2653 dolor,
820 2597 924 2654 corpus
958 2579 1091 2655 applicui

79 2667 161 2743 quod
191 2668 282 2726 scissa
311 2669 500 2742 lacerataque
529 2669 611 2727 veste
639 2669 769 2743 primum
797 2668 874 2726 ferre
903 2686 962 2726 non
991 2668 1091 2743 potest

77 2755 236 2833 pudorem,
261 2757 339 2832 quod
366 2757 460 2816 nescit
487 2755 526 2815 ad
551 2756 738 2834 flagellorum
759 2756 838 2815 vices
865 2756 997 2815 membra
1022 2775 1090 2816 con-

78 2863 187 2922 ponere
214 2863 269 2904 nec
295 2846 358 2904 ullo
384 2846 509 2905 uerbera
538 2845 653 2922 frangit
683 2863 813 2904 occursu.
858 2863 927 2920 nos,
957 2846 1091 2920 inquam,

152 3073 167 3121 3
187 3084 221 3121 en
238 3069 379 3122 tormenta
397 3076 430 3121 M
487 3073 514 3121 ’ὁ
532 3067 606 3122 ratio
625 3069 668 3122 est
685 3068 732 3123 sed
749 3075 853 3138 tromsp.
873 3078 895 3121 V
950 3067 1089 3137 quaestio·

77 3155 147 3192 num
164 3137 271 3204 ratioc
302 3164 304 3167 ·
337 3144 363 3192 27
386 3138 498 3194 eiiam:
524 3149 647 3192 euamV
714 3141 872 3205 tuaeturB
942 3140 1094 3193 esim

80 3215 112 3263 11
132 3209 260 3263 fincxeris
277 3220 306 3264 Β
377 3217 410 3264 12
429 3226 485 3263 non
503 3228 553 3266 om.
567 3219 628 3264 ΒΜ
643 3213 665 3280 (i
684 3210 740 3264 alio
763 3211 800 3264 hs
818 3226 900 3265 nemo
918 3227 975 3264 non
993 3213 1090 3265 contra

76 3281 213 3350 icmarq.
232 3290 273 3347 m)
345 3281 536 3336 antedixits!
618 3287 650 3334 17
673 3281 701 3334 vi
724 3281 820 3336 adds
900 3288 932 3334 21
958 3282 1019 3347 sip

76 3357 114 3406 24
133 3353 208 3406 artes
221 3353 291 3406 Bu:
311 3355 387 3406 artus
406 3374 429 3405 ω
483 3364 589 3408 cums:
608 3354 669 3406 tum
685 3374 720 3419 ως
740 3353 807 3406 dum
820 3355 898 3408 Dese.
954 3359 987 3407 26
1006 3353 1089 3407 homo

76 3422 126 3478 cui
143 3422 256 3477 omnino
275 3425 366 3478 Dese:
385 3423 492 3477 homini
511 3440 567 3478 non
585 3447 607 3477 ω
675 3439 787 3493 corpus:
807 3425 929 3493 corporis
947 3434 990 3490 Μς
1009 3440 1090 3477 corus
1199 3442 1202 3447 ·

75 3502 100 3547 u
153 3492 278 3564 applicui
292 3493 364 3549 scu:
384 3495 515 3564 appliciti
529 3507 577 3548 ao:
598 3493 798 3564 applicitums
851 3501 885 3549 28
904 3496 941 3548 ad
955 3505 1039 3551 orus

76 3581 243 3635 componere
261 3565 388 3620 membra
406 3575 439 3620 Μ
507 3571 541 3618 29
561 3583 676 3621 accursu
695 3575 728 3620 Μ
795 3582 925 3635 unquam
944 3575 967 3618 P
1088 3576 1092 3582 “

1108 3678 1148 3728 a!
