2430 3952
364 217 598 274 DECLAMATIO
616 217 690 273 x1e
710 218 749 272 xl
764 223 840 273 ι-Β.
1042 217 1106 282 207

166 386 399 462 Expectaveram
418 386 547 462 quidem,
569 389 604 446 ut
624 387 660 445 de
678 387 792 446 inimici
809 388 868 445 mei
885 386 1031 462 supplicio
1049 405 1108 446 non
1127 385 1144 441 1

100 478 303 551 quaereretur,
329 494 384 535 nec
410 496 457 535 me
485 476 582 551 decipi
608 494 695 551 posse
725 475 906 535 credideram
935 477 967 534 in
996 474 1110 534 ultione

101 583 191 640 quam
207 564 282 622 mihi
300 564 426 624 debebat
444 565 549 624 civitas
567 567 631 623 tam
649 564 736 624 liberi
754 564 873 640 doloris,
894 563 945 624 sed
964 566 1110 640 quatenus

100 672 134 713 eo
156 653 303 712 malorum
325 655 459 714 novitate
480 655 612 730 perveni,
634 655 723 712 utin
745 653 878 721 vindicte
900 653 1029 730 primum
1051 654 1111 710 mei

74 742 250 802 eoousulere
272 742 354 819 leges
377 761 412 801 ac
433 743 501 801 iura
524 743 654 817 velletis,
678 761 797 818 quaeso,
822 761 859 800 ne
883 742 949 818 quis
972 741 1110 817 prodesse

99 832 226 907 pauperi
247 831 322 890 velit
345 831 423 906 quod
441 850 495 890 nec
513 831 632 890 delendi
653 834 753 908 potest
773 831 837 890 sine
860 848 967 910 genere
988 848 1110 905 poenae.

99 920 167 996 plus
190 922 321 978 meretur
342 921 408 995 pati
430 919 518 979 homo
537 923 597 996 qui,
620 921 647 979 si
669 921 727 996 ipsi
750 920 879 995 creditis,
902 919 989 978 debet
1009 918 1110 977 occidi.

100 1008 156 1068 hoc
178 1010 224 1067 est
241 1010 314 1084 quin
336 1010 436 1084 immo,
459 1008 580 1083 iudices,
603 1009 683 1084 quod
700 1027 788 1084 super
806 1027 907 1069 omnes
925 1008 1111 1066 calamitates

100 1116 181 1157 meas
203 1097 280 1156 ferre
303 1115 363 1155 non
385 1115 519 1174 possum:
541 1099 661 1157 videtur
683 1098 741 1156 sibi
763 1099 836 1157 satis
859 1098 967 1156 vixisse
989 1114 1112 1172 pauper,

61 1205 88 1247 io
100 1189 260 1263 postquam
283 1186 391 1246 occidit
411 1186 520 1246 liberos
542 1205 632 1246 meos.
673 1205 779 1262 operae
802 1187 931 1264 pretium
954 1187 1043 1261 putat
1065 1203 1112 1244 oo-

100 1293 166 1334 ram
188 1275 378 1350 impatientia
395 1294 461 1334 mea
484 1275 600 1335 felicem
619 1294 821 1335 consummare
847 1278 963 1351 patrem
987 1277 1016 1333 et
1039 1292 1112 1352 gau-

102 1364 218 1423 diorum
246 1382 366 1423 suorum
389 1365 523 1423 satietati
544 1365 600 1424 hoc
623 1384 740 1440 quoque
763 1364 867 1439 adicit,
895 1366 931 1423 ut
953 1364 1112 1422 orbitatem

101 1471 198 1511 meam
225 1452 327 1511 liberis
354 1453 414 1512 suis
441 1454 598 1529 relinquat.
644 1453 732 1511 fidem
755 1455 898 1527 vestram,
924 1452 1044 1527 iudices,
1076 1470 1112 1510 ne

100 1543 217 1617 pereat,
244 1541 323 1616 quod
350 1543 459 1601 ultioni
487 1561 570 1601 meae
598 1542 725 1619 contigit
751 1541 845 1600 bonus
872 1544 966 1617 pater.
1013 1542 1113 1599 actum

61 1649 88 1690 re
103 1632 168 1689 erat
189 1629 226 1688 de
246 1630 363 1690 solaciis
381 1632 464 1706 meis,
487 1631 513 1690 si
535 1631 645 1690 liberos
667 1648 735 1690 suos
758 1649 871 1707 pauper
889 1631 992 1690 mallet
1011 1628 1112 1688 occidi.

101 1719 178 1777 illud
203 1719 305 1794 plane,
336 1719 462 1795 iudices,
494 1719 586 1778 etiam
612 1720 644 1778 in
675 1719 731 1778 hac
759 1719 898 1795 pauperis
928 1718 1113 1794 impudentia

101 1810 202 1882 miror,
220 1807 329 1866 liberos
346 1827 427 1868 meos
445 1808 558 1885 pudore
573 1809 713 1884 deceptae
728 1808 859 1868 civitatis
877 1807 993 1881 occidit,
1007 1806 1112 1866 deinde

101 1915 149 1955 me
172 1896 321 1955 crudelem
342 1899 437 1958 vocat.
478 1898 618 1974 parvulos
641 1915 710 1957 suos
734 1897 873 1971 ostendit,
895 1897 1015 1974 allegat,
1036 1898 1113 1954 tam·

103 2004 193 2059 quam
215 2004 274 2044 non
297 2004 352 2063 ego
375 1987 474 2063 potius
498 2005 607 2062 querar
628 1986 683 2046 hoo
706 1986 742 2044 de
762 2005 911 2062 quoquam
933 1988 1017 2063 patre
1040 1983 1113 2058 fieri,

61 2093 90 2135 aa
102 2092 156 2132 nec
179 2074 328 2151 intellegit
350 2078 495 2150 quantum
517 2075 623 2134 debeat
645 2075 684 2133 ad
706 2075 926 2151 impatientiam
947 2075 1042 2134 nostri
1063 2073 1112 2133 do·

101 2163 173 2222 loris
197 2163 342 2237 accedere,
365 2165 391 2223 si
413 2182 518 2239 passus
541 2183 606 2223 sum
629 2164 709 2239 quod
731 2166 762 2223 et
782 2164 815 2222 in
836 2165 950 2223 ultione
972 2164 1113 2222 miserum

102 2253 155 2311 est.
200 2253 315 2310 facinus
338 2255 396 2327 est,
418 2253 539 2327 iudices,
562 2272 741 2329 quemquam
763 2253 969 2312 calamitatum
992 2252 1147 2311 suarumt

102 2340 247 2399 invidiam
269 2342 342 2415 pati.
388 2343 430 2401 sic
452 2342 596 2401 ultionem
618 2361 715 2401 meam
738 2341 851 2401 debetis
874 2341 1014 2418 aspicere,
1036 2343 1113 2399 tam·

104 2448 194 2504 quam
223 2431 254 2488 et
284 2429 392 2489 liberos
424 2449 492 2490 suos
524 2449 639 2507 pauper
670 2431 818 2490 occiderit.
864 2449 918 2489 nec
946 2449 993 2488 me
1023 2429 1114 2503 fallit,

62 2537 89 2578 ae
102 2517 223 2593 iudices,
240 2519 396 2595 plerosque
410 2520 526 2578 credere
545 2519 770 2579 callidissimum
788 2537 949 2595 pauperem
966 2536 1020 2576 nec
1038 2518 1114 2575 mori

103 2607 192 2682 velle,
220 2610 250 2665 et
271 2608 327 2666 hoo
351 2608 429 2683 quod
451 2610 545 2667 nudat
567 2609 717 2686 iugulum,
743 2611 846 2685 pactus
870 2606 1007 2685 opponit,
1035 2608 1114 2664 artes

104 2713 167 2755 asse
190 2714 244 2772 pro
262 2696 334 2755 vita.
372 2697 422 2756 sed
445 2716 500 2774 ego
518 2697 610 2756 ¹illum
632 2717 692 2756 non
713 2698 799 2757 oredo
822 2697 951 2770 mentiri,
975 2713 1039 2773 ego,
1062 2695 1114 2770 qui

104 2784 165 2844 scio
192 2784 265 2860 quid
290 2786 469 2845 maluissem.
506 2805 660 2862 nunquam
682 2786 737 2846 hoc
760 2786 901 2844 adversus
924 2803 977 2843 nos
1000 2784 1114 2861 excogi-

103 2875 198 2933 tasset
224 2874 282 2932 nisi
308 2875 586 2950 impatientissimus
613 2878 699 2952 pater
730 2877 759 2933 et
786 2875 862 2934 hanc
888 2892 1001 2949 poenae
1031 2892 1114 2931 meas

177 3102 191 3149 1
210 3099 405 3166 xpectavsram
421 3099 523 3167 (compe
536 3097 559 3150 Ε
573 3100 705 3152 miniates
716 3099 828 3179 pispere
842 3098 981 3164 omisit)B
953 3100 1041 3148 Β3
1055 3096 1114 3149 tam

104 3185 155 3222 om.
174 3178 195 3220 V
263 3169 416 3237 tpauperi
434 3170 566 3238 prodesse
587 3178 608 3220 V
677 3175 740 3222 ise
758 3167 814 3237 ipsi
831 3178 855 3221 1
925 3174 957 3221 12
977 3166 1077 3221 adicit:
1097 3183 1114 3219 a

104 3249 271 3294 eceorrul
342 3239 489 3294 14eontin
512 3241 572 3293 'tc
643 3245 674 3294 1c
695 3249 775 3307 ΒΒΒ
794 3238 899 3308 heupr
901 3249 939 3293 Β
1012 3243 1115 3306 lupu-

106 3310 184 3364 dore:
203 3310 296 3364 furore
312 3310 360 3365 Gr
413 3311 639 3381 18algat1m
691 3317 723 3365 19
743 3326 854 3379 quoque
868 3320 895 3364 Ρ
943 3314 976 3363 20
996 3309 1119 3363 debet}

106 3387 138 3436 21
163 3383 192 3435 et
209 3398 259 3438 om
275 3391 316 3449 Β,
335 3398 410 3452 ΒΨ
424 3404 456 3435 m
546 3389 580 3436 23
603 3381 739 3436 invidiam
757 3381 829 3451 pati.
849 3399 878 3435 m
896 3381 988 3451 pati
975 3398 1007 3434 m
1024 3396 1079 3434 ras.
1098 3388 1119 3430 1

106 3454 294 3521 24ΒΒ1ΒΒΡ,
314 3453 542 3508 addelmau.3
613 3453 902 3594 ἰΒΗίΒ,ΒΒΨ.ΒΒ
974 3449 1116 3505 26nuda-

104 3525 165 3578 turn
183 3524 280 3595 iugulo
298 3533 358 3579 ΒΜ
378 3524 432 3595 (vel
449 3525 539 3579 nudat
556 3525 686 3596 iugulum
704 3527 834 3595 cupam)
924 3528 957 3577 27
981 3538 1033 3592 ego
1053 3520 1115 3588 qui.

105 3612 157 3666 ego
177 3611 230 3665 que
249 3604 308 3648 ΒΒ
323 3594 377 3667 (vel
395 3596 444 3664 qui
461 3588 583 3667 aup'm
551 3598 592 3667 m)
665 3600 698 3651 28
718 3596 790 3667 quid
806 3613 841 3652 aa
858 3595 941 3664 qued
958 3603 985 3645 Β
