2430 3952
336 236 571 293 ononiunmo
589 237 654 290 mn
670 241 781 291 14-1e.
826 202 828 206 ⁷
1004 236 1067 300 261

105 405 207 486 ,Haec
229 407 290 466 illis
313 409 413 484 gratia
435 407 575 480 refertur,
603 407 684 482 quod
711 405 857 465 fructibus
884 407 993 464 nostris
1024 407 1068 463 in-

57 493 206 573 vigilant?
225 495 304 572 quod
323 496 473 555 cotidiana
491 497 620 555 statione
639 495 750 554 laboris
769 494 887 554 adsidui
905 512 942 552 ne
961 493 1068 553 damno

58 584 179 660 quidem
208 582 451 644 summoventur?
496 603 566 643 nam
596 587 627 643 et
654 587 752 643 cetera
782 583 924 642 animalia
951 583 1070 641 videtur

57 673 132 732 mihi
159 676 268 733 natura
294 674 396 734 usibus
423 676 532 733 nostris
559 675 708 751 genuisse,
736 673 809 731 haec
833 674 923 730 etiam
946 671 1068 746 deliciis,

30 781 124 822 soum
147 781 181 821 eo
205 763 285 838 quod
306 764 338 821 in
365 763 427 822 illis
451 782 526 839 quae
549 763 598 822 vel
620 762 778 822 scindendo
806 761 869 820 solo
896 761 945 819 vel
971 763 1069 818 matu·

56 851 150 910 nando
172 853 274 910 itineri
297 870 516 928 comparamus,
543 852 656 910 multus
679 854 749 910 ante
771 849 884 909 reditus
909 851 1069 908 insumitur

56 939 151 1014 labor,
174 942 204 999 et
227 958 294 1000 cum
316 940 530 1016 perdomanda,
553 959 620 999 cum
643 940 750 999 alenda
772 941 845 1013 sint,
870 938 945 997 nihil
967 940 1069 996 tamen

56 1032 182 1105 possunt
204 1030 268 1089 sine
290 1030 418 1104 homine,
441 1032 472 1088 et
493 1032 612 1089 tantum
635 1031 738 1088 coacta
762 1030 896 1104 prosunt.
933 1046 1002 1102 apes
1024 1027 1069 1084 fa·

57 1120 140 1178 ciunt
169 1119 313 1194 iniussae,
345 1137 381 1178 ac
403 1120 466 1178 sine
492 1119 555 1178 ullo
581 1120 708 1177 rationis
734 1118 882 1176 humanae
904 1117 1069 1176 ministerio

17 1227 43 1267 ro
56 1209 139 1266 totus
166 1208 281 1266 fructus
312 1207 392 1266 ultro
419 1210 511 1266 venit.
557 1207 640 1266 adice
671 1207 750 1282 quod
781 1209 879 1265 cetera
911 1207 965 1263 aut
996 1207 1069 1264 satis

56 1297 213 1355 incurrunt
234 1299 288 1355 aut
310 1296 421 1356 vitibus
444 1299 564 1372 nocent,
586 1299 755 1372 primaque,
780 1298 815 1354 ut
837 1295 919 1353 fama
941 1296 994 1368 est,
1017 1295 1069 1353 ho-

57 1386 132 1445 stiae
156 1402 246 1444 causa
267 1385 374 1461 pecudi
397 1386 457 1444 fuit
478 1385 560 1445 laesa
582 1386 690 1462 fruges.
736 1385 843 1442 harum
866 1386 909 1442 ita
931 1385 1069 1442 innoxius

55 1493 110 1552 per
142 1476 230 1551 prata
262 1474 411 1550 silvasque
444 1475 584 1534 discurrit
614 1474 708 1546 labor,
740 1475 774 1531 ut
804 1475 924 1531 tantum
955 1473 1069 1530 factum

56 1581 132 1638 opus
155 1566 307 1639 appareat.

16 1672 42 1712 ro
125 1651 191 1721 Qua
213 1652 286 1711 satis
305 1652 396 1729 digna
418 1671 581 1728 prosequar
603 1649 714 1711 laude?
750 1651 848 1709 dicam
867 1650 979 1708 animal
998 1667 1068 1724 quo·
1085 1646 1123 1701 ld

57 1741 213 1800 dammodo
245 1760 371 1817 parvum
402 1741 531 1800 hominis
563 1737 734 1815 exemplar?
777 1739 833 1798 hoc
862 1740 994 1797 humana
1021 1757 1069 1796 ex·

57 1830 188 1907 cogitare
210 1848 270 1889 non
292 1831 393 1906 potuit
415 1830 556 1889 sollertia.
594 1832 685 1888 etiam
702 1830 781 1888 ratio
799 1830 901 1888 nostra
920 1847 996 1902 quae
1014 1827 1068 1886 sub

56 1920 144 1978 terris
163 1919 279 1978 luorum
296 1919 418 1994 invenit,
434 1938 509 1995 quae
528 1921 623 1977 maria
640 1918 834 1993 inquisitione
850 1934 904 1976 sua
922 1916 1069 1976 sideribus

55 2005 217 2083 inmiscuit,
239 2008 295 2066 hoo
312 2011 413 2066 tamen
432 2007 555 2082 efficere,
577 2009 727 2082 consequi,
750 2007 865 2065 imitari
882 2025 940 2066 non
960 2007 1069 2081 potuit.

15 2115 44 2156 so
57 2115 170 2155 venena
192 2098 294 2173 potius
316 2097 491 2156 invenimus.

123 2185 188 2245 Iam
210 2187 341 2261 primum
363 2187 481 2244 futurae
503 2185 664 2245 laudabilis
687 2188 768 2244 vitae
791 2185 881 2263 digna
908 2185 1068 2260 principia:

56 2293 117 2334 non
134 2275 203 2334 illas
220 2275 314 2333 libido
332 2278 511 2352 progenerat
529 2275 727 2351 domitrixque
746 2276 880 2333 omnium
893 2274 1069 2331 animalium

56 2362 165 2422 Venus.
206 2366 299 2439 utque
322 2363 456 2423 homines
477 2364 509 2421 in
533 2365 752 2422 exeusationem
775 2365 822 2422 sui
843 2363 954 2421 fabulis
976 2360 1069 2419 tradi-

58 2452 178 2527 derunt,
205 2452 296 2512 etiam
318 2453 439 2512 deorum
467 2455 626 2528 posteritas
654 2453 707 2511 has
730 2452 830 2530 regnis
857 2452 918 2511 suis
946 2450 1069 2525 excepit.

15 2563 43 2602 so
58 2540 142 2600 abest
163 2541 285 2599 inimica
306 2543 465 2600 virtutium
487 2542 626 2617 voluptas
649 2541 738 2600 castis
762 2541 824 2600 sine
850 2540 917 2599 labe
940 2540 1069 2613 corpori-

57 2630 119 2689 bus.
166 2630 246 2690 solae
274 2633 406 2689 omnium
433 2649 493 2689 non
521 2630 613 2688 edunt
639 2631 717 2688 fetus
745 2628 796 2688 sed
818 2630 941 2688 faciunt.
986 2629 1069 2701 ipsae

57 2719 205 2794 paulatim
232 2718 309 2778 sicut
336 2721 464 2794 stipatae
492 2722 561 2779 sunt
587 2737 641 2794 per
667 2719 757 2777 mella
779 2718 942 2790 viviscont,
965 2717 1007 2790 et,
1033 2719 1070 2774 ut

57 2811 188 2885 oportet,
221 2808 331 2866 animal
362 2808 543 2867 laboriosum
571 2827 605 2866 ex
632 2825 720 2882 opere
753 2808 892 2866 nascitur.
938 2804 1007 2863 inde
1034 2807 1069 2863 ut

58 2897 189 2958 adolevit
219 2899 371 2971 iuventus,
403 2900 434 2955 et
465 2896 502 2955 ad
534 2897 645 2955 similes
674 2897 790 2955 labores
818 2899 901 2955 aetas
928 2893 1069 2952 roborata

129 3048 232 3118 aquid
251 3058 278 3101 P
339 3048 512 3102 uncturado
531 3057 565 3114 Β,
588 3058 690 3102 corso
754 3046 882 3101 6uultus
901 3055 929 3098 Β
988 3047 1066 3100 ante:

58 3121 190 3173 autems
243 3119 370 3174 redditus
389 3128 434 3184 Μβ
488 3121 651 3188 8prosunt:
670 3121 788 3187 possunt
805 3128 833 3171 Β
886 3123 954 3171 dac
971 3117 1066 3172 Klotz:

57 3188 103 3243 sao
117 3199 210 3257 Bs'eo3
228 3189 338 3244 faciunt
356 3199 398 3257 Δις
415 3191 529 3244 favoss
602 3196 634 3243 12
653 3190 750 3258 itaque
768 3199 828 3243 ΒΜ
897 3195 929 3242 13
948 3189 1013 3243 labo
1032 3198 1067 3254 Β,

58 3270 197 3330 raupa}
268 3267 301 3316 17
320 3263 444 3315 nostram
462 3271 490 3314 B
560 3265 593 3314 23
612 3260 712 3328 utquia
728 3269 751 3313 V
810 3259 867 3314 suis
886 3269 918 3314 M
979 3265 1012 3313 24
1031 3259 1067 3314 de

58 3348 154 3387 eorum
170 3333 275 3401 poteris
292 3331 345 3386 has
363 3332 443 3404 regni
462 3333 591 3402 (posteris
609 3332 660 3385 has
678 3349 754 3400 supr.
768 3333 810 3402 m)
824 3340 893 3398 BM3
918 3331 953 3384 de
971 3347 1067 3385 eorum

57 3403 176 3473 posteris
194 3402 245 3458 has
262 3404 357 3474 regnis
374 3414 395 3457 V
445 3403 572 3457 deorum:
592 3403 768 3457 dominorum
785 3413 813 3456 Β
864 3402 921 3456 suis
939 3401 1068 3472 regnise

57 3479 91 3529 25
110 3473 246 3529 virtutum
262 3484 317 3540 Vpc
365 3473 494 3544 voldptas
512 3484 533 3527 V
584 3480 617 3528 26
637 3475 724 3528 edunt
737 3492 787 3529 om.
802 3477 833 3530 iu
848 3475 949 3529 lacuna
964 3478 980 3528 5
994 3474 1067 3528 cedd

56 3547 144 3601 litus
197 3544 321 3617 ipsam
371 3551 405 3600 27
424 3546 530 3614 stipata
543 3555 612 3598 uro
658 3546 843 3600 vivescuntB
895 3550 928 3598 28
948 3560 1065 3598 nascun-

56 3619 104 3673 tur
118 3616 182 3675 our.
254 3620 289 3672 29
306 3616 488 3672 adholevitV
555 3616 666 3672 labores
684 3634 737 3673 osu.
754 3627 795 3686 M,
810 3616 927 3671 addan
